Unnamed: 0,Symbol,ISIN,Trade Date,Exchange,Segment,Series,Trade Type,Auction,Quantity,Price,Trade ID,Order ID,Order Execution Time,Trade Value,Hour
,JTLINFRA,INE391J01024,2022-01-03,NSE,EQ,EQ,buy,False,6,219.6,50814531,1200000003408224,2022-01-03T09:52:06,1317.6,9
,JTLINFRA,INE391J01024,2022-01-03,NSE,EQ,EQ,buy,False,4,219.6,50814530,1200000003408224,2022-01-03T09:52:06,878.4,9
,ONGC,INE213A01029,2022-01-04,NSE,EQ,EQ,buy,False,10,146.95,50808290,1200000002686682,2022-01-04T09:37:44,1469.5,9
,NTPC,INE733E01010,2022-01-04,NSE,EQ,EQ,buy,False,10,129.6,51073552,1200000003628481,2022-01-04T09:47:10,1296.0,9
,NTPC,INE733E01010,2022-01-04,NSE,EQ,EQ,sell,False,10,132.05,53981902,1200000015209269,2022-01-04T14:08:55,1320.5,14
,ONGC,INE213A01029,2022-01-04,NSE,EQ,EQ,sell,False,10,147.2,53983662,1200000015215204,2022-01-04T14:09:03,1472.0,14
,THERMAX,INE152A01029,2022-01-05,NSE,EQ,EQ,buy,False,10,1914.6,75602557,1300000002087333,2022-01-05T09:28:35,19146.0,9
,IOC,INE242A01010,2022-01-05,NSE,EQ,EQ,buy,False,5,117.05,26045455,1100000003474695,2022-01-05T09:46:02,585.25,9
,GAIL,INE129A01019,2022-01-05,NSE,EQ,EQ,buy,False,5,133.95,26098608,1100000003664625,2022-01-05T09:48:30,669.75,9
,SONATSOFTW,INE269A01021,2022-01-05,NSE,EQ,EQ,buy,False,1,891.4,76265086,1300000004671036,2022-01-05T09:56:15,891.4,9
,LICHSGFIN,INE115A01026,2022-01-05,NSE,EQ,EQ,buy,False,21,382.2,52382769,1200000009397670,2022-01-05T11:41:30,8026.2,11
,LICHSGFIN,INE115A01026,2022-01-05,NSE,EQ,EQ,buy,False,4,382.15,52382768,1200000009397670,2022-01-05T11:41:30,1528.6,11
,THERMAX,INE152A01029,2022-01-05,NSE,EQ,EQ,sell,False,10,1866.5,78029186,1300000011569000,2022-01-05T12:16:35,18665.0,12
,SONATSOFTW,INE269A01021,2022-01-05,NSE,EQ,EQ,sell,False,1,881.0,78088146,1300000011744061,2022-01-05T12:21:04,881.0,12
,LICHSGFIN,INE115A01026,2022-01-05,NSE,EQ,EQ,sell,False,25,381.55,52897643,1200000010861613,2022-01-05T12:35:13,9538.75,12
,TVSMOTOR,INE494B01023,2022-01-05,NSE,EQ,EQ,buy,False,3,637.65,79604390,1300000017280270,2022-01-05T14:31:28,1912.9499999999998,14
,TVSMOTOR,INE494B01023,2022-01-05,NSE,EQ,EQ,buy,False,2,637.65,79605082,1300000017280270,2022-01-05T14:31:33,1275.3,14
,ONGC,INE213A01029,2022-01-05,NSE,EQ,EQ,buy,False,5,149.3,54102197,1200000016136354,2022-01-05T14:34:50,746.5,14
,BANDHANBNK,INE545U01014,2022-01-05,NSE,EQ,EQ,buy,False,5,257.6,3990379,1000000015953122,2022-01-05T14:38:07,1288.0,14
,IDFCFIRSTB,INE092T01019,2022-01-05,NSE,EQ,EQ,buy,False,10,49.7,30240728,1100000016827424,2022-01-05T14:40:09,497.0,14
,ABB,INE117A01022,2022-01-05,NSE,EQ,EQ,buy,False,7,2235.0,4078358,1000000016291804,2022-01-05T14:45:59,15645.0,14
,BANDHANBNK,INE545U01014,2022-01-05,NSE,EQ,EQ,sell,False,5,260.55,4128797,1000000016461542,2022-01-05T14:50:04,1302.75,14
,ABB,INE117A01022,2022-01-05,NSE,EQ,EQ,sell,False,7,2230.0,4137178,1000000016493624,2022-01-05T14:50:51,15610.0,14
,TVSMOTOR,INE494B01023,2022-01-05,NSE,EQ,EQ,sell,False,5,639.7,79971474,1300000018341805,2022-01-05T14:59:20,3198.5,14
,ITC,INE154A01025,2022-01-05,NSE,EQ,EQ,buy,False,10,220.7,30635475,1100000017922861,2022-01-05T15:04:55,2207.0,15
,BPCL,INE029A01011,2022-01-05,NSE,EQ,EQ,buy,False,10,393.65,4397971,1000000017296974,2022-01-05T15:09:42,3936.5,15
,ITC,INE154A01025,2022-01-05,NSE,EQ,EQ,sell,False,10,220.7,30835755,1100000018437867,2022-01-05T15:14:05,2207.0,15
,JSWSTEEL,INE019A01038,2022-01-05,NSE,EQ,EQ,buy,False,10,695.2,54746003,1200000017897786,2022-01-05T15:17:54,6952.0,15
,ONGC,INE213A01029,2022-01-05,NSE,EQ,EQ,sell,False,5,150.3,54755014,1200000018009830,2022-01-05T15:18:13,751.5,15
,IDFCFIRSTB,INE092T01019,2022-01-05,NSE,EQ,EQ,sell,False,10,49.75,30963478,1100000018669092,2022-01-05T15:18:29,497.5,15
,JSWSTEEL,INE019A01038,2022-01-05,NSE,EQ,EQ,sell,False,10,696.3,54810330,1200000018048814,2022-01-05T15:20:04,6963.0,15
,BPCL,INE029A01011,2022-01-05,NSE,EQ,EQ,sell,False,10,395.25,4650304,1000000017793581,2022-01-05T15:21:18,3952.5,15
,MGL,INE002S01010,2022-01-06,NSE,EQ,EQ,buy,False,10,880.0,50141756,1200000000506411,2022-01-06T09:16:51,8800.0,9
,MGL,INE002S01010,2022-01-06,NSE,EQ,EQ,sell,False,10,880.7,50224645,1200000000648930,2022-01-06T09:18:55,8807.0,9
,UPL,INE628A01036,2022-01-06,NSE,EQ,EQ,buy,False,2,765.3,75384482,1300000001265591,2022-01-06T09:20:48,1530.6,9
,UPL,INE628A01036,2022-01-06,NSE,EQ,EQ,buy,False,8,765.3,75384485,1300000001265591,2022-01-06T09:20:48,6122.4,9
,UPL,INE628A01036,2022-01-06,NSE,EQ,EQ,sell,False,10,767.0,75415007,1300000001382309,2022-01-06T09:21:37,7670.0,9
,BHARTIARTL,INE397D01024,2022-01-06,NSE,EQ,EQ,buy,False,10,707.5,321887,1000000001094038,2022-01-06T09:22:16,7075.0,9
,INDUSTOWER,INE121J01017,2022-01-06,NSE,EQ,EQ,buy,False,1,257.0,25461678,1100000001475137,2022-01-06T09:23:41,257.0,9
,BHARTIARTL,INE397D01024,2022-01-06,NSE,EQ,EQ,sell,False,10,708.0,403450,1000000001184318,2022-01-06T09:25:36,7080.0,9
,TATACOMM,INE151A01013,2022-01-06,NSE,EQ,EQ,buy,False,10,1529.05,75590921,1300000002001935,2022-01-06T09:26:38,15290.5,9
,MGL,INE002S01010,2022-01-06,NSE,EQ,EQ,buy,False,50,878.85,50474654,1200000001736388,2022-01-06T09:28:09,43942.5,9
,INDUSTOWER,INE121J01017,2022-01-06,NSE,EQ,EQ,sell,False,1,257.0,25696168,1100000002361090,2022-01-06T09:32:01,257.0,9
,TATACOMM,INE151A01013,2022-01-06,NSE,EQ,EQ,sell,False,10,1500.0,76025346,1300000003557529,2022-01-06T09:41:07,15000.0,9
,MGL,INE002S01010,2022-01-06,NSE,EQ,EQ,sell,False,10,874.0,50802812,1200000001789174,2022-01-06T09:42:21,8740.0,9
,TATACOMM,INE151A01013,2022-01-06,NSE,EQ,EQ,buy,False,10,1505.0,76094468,1300000003825921,2022-01-06T09:43:35,15050.0,9
,MGL,INE002S01010,2022-01-06,NSE,EQ,EQ,sell,False,40,875.0,50951325,1200000003424702,2022-01-06T09:50:18,35000.0,9
,TATACOMM,INE151A01013,2022-01-06,NSE,EQ,EQ,sell,False,10,1500.0,76279711,1300000004412184,2022-01-06T09:51:41,15000.0,9
,HINDALCO,INE038A01020,2022-01-06,NSE,EQ,EQ,buy,False,1,484.2,26176123,1100000004177076,2022-01-06T09:53:55,484.2,9
,TVSMOTOR,INE494B01023,2022-01-06,NSE,EQ,EQ,buy,False,1,641.5,76566988,1300000005660067,2022-01-06T10:06:22,641.5,10
,HINDALCO,INE038A01020,2022-01-06,NSE,EQ,EQ,sell,False,1,483.0,26416269,1100000004773290,2022-01-06T10:07:34,483.0,10
,NATCOPHARM,INE987B01026,2022-01-06,NSE,EQ,EQ,buy,False,1,919.5,51291584,1200000004538437,2022-01-06T10:11:10,919.5,10
,FEDERALBNK,INE171A01029,2022-01-06,NSE,EQ,EQ,buy,False,5,90.15,26479419,1100000005277164,2022-01-06T10:11:20,450.75,10
,TVSMOTOR,INE494B01023,2022-01-06,NSE,EQ,EQ,sell,False,1,641.45,76681906,1300000006062143,2022-01-06T10:12:46,641.45,10
,NATCOPHARM,INE987B01026,2022-01-06,NSE,EQ,EQ,sell,False,1,919.2,51316910,1200000005027850,2022-01-06T10:12:58,919.2,10
,CONCOR,INE111A01025,2022-01-06,NSE,EQ,EQ,buy,False,1,637.4,1283449,1000000005137574,2022-01-06T10:16:23,637.4,10
,FEDERALBNK,INE171A01029,2022-01-06,NSE,EQ,EQ,sell,False,5,90.3,26563946,1100000005637016,2022-01-06T10:17:08,451.5,10
,CONCOR,INE111A01025,2022-01-06,NSE,EQ,EQ,sell,False,1,637.6,1300789,1000000005158155,2022-01-06T10:17:46,637.6,10
,SBILIFE,INE123W01016,2022-01-06,NSE,EQ,EQ,buy,False,5,1224.05,76813525,1300000006501442,2022-01-06T10:20:05,6120.25,10
,SBILIFE,INE123W01016,2022-01-06,NSE,EQ,EQ,sell,False,1,1224.25,76827813,1300000006549972,2022-01-06T10:20:53,1224.25,10
,SBILIFE,INE123W01016,2022-01-06,NSE,EQ,EQ,sell,False,1,1224.25,76827814,1300000006549972,2022-01-06T10:20:53,1224.25,10
,SBILIFE,INE123W01016,2022-01-06,NSE,EQ,EQ,sell,False,2,1224.25,76827811,1300000006549972,2022-01-06T10:20:53,2448.5,10
,SBILIFE,INE123W01016,2022-01-06,NSE,EQ,EQ,sell,False,1,1224.25,76827812,1300000006549972,2022-01-06T10:20:53,1224.25,10
,ABCAPITAL,INE674K01013,2022-01-06,NSE,EQ,EQ,buy,False,1,132.95,1525187,1000000006080126,2022-01-06T10:37:11,132.95,10
,LAURUSLABS,INE947Q01028,2022-01-06,NSE,EQ,EQ,buy,False,1,533.25,51643106,1200000006341694,2022-01-06T10:38:45,533.25,10
,LAURUSLABS,INE947Q01028,2022-01-06,NSE,EQ,EQ,sell,False,1,533.9,51660959,1200000006368397,2022-01-06T10:40:21,533.9,10
,LUPIN,INE326A01037,2022-01-06,NSE,EQ,EQ,buy,False,5,936.0,51783231,1200000006848069,2022-01-06T10:48:58,4680.0,10
,LUPIN,INE326A01037,2022-01-06,NSE,EQ,EQ,sell,False,5,936.3,51801956,1200000006950591,2022-01-06T10:50:14,4681.5,10
,ACC,INE012A01025,2022-01-06,NSE,EQ,EQ,buy,False,10,2254.0,1662864,1000000006689166,2022-01-06T10:52:20,22540.0,10
,ABCAPITAL,INE674K01013,2022-01-06,NSE,EQ,EQ,sell,False,1,132.0,1708351,1000000006132407,2022-01-06T10:57:09,132.0,10
,ACC,INE012A01025,2022-01-06,NSE,EQ,EQ,sell,False,10,2256.0,1725461,1000000006793362,2022-01-06T10:59:08,22560.0,10
,AMARAJABAT,INE885A01032,2022-01-06,NSE,EQ,EQ,buy,False,1,636.35,1745234,1000000007007807,2022-01-06T11:01:10,636.35,11
,AMARAJABAT,INE885A01032,2022-01-06,NSE,EQ,EQ,sell,False,1,636.2,1781524,1000000007161514,2022-01-06T11:05:08,636.2,11
,BATAINDIA,INE176A01028,2022-01-06,NSE,EQ,EQ,buy,False,5,1819.75,1814566,1000000007340188,2022-01-06T11:08:33,9098.75,11
,BATAINDIA,INE176A01028,2022-01-06,NSE,EQ,EQ,sell,False,2,1818.95,1849602,1000000007534518,2022-01-06T11:12:51,3637.9,11
,BATAINDIA,INE176A01028,2022-01-06,NSE,EQ,EQ,sell,False,3,1818.95,1849603,1000000007534518,2022-01-06T11:12:51,5456.85,11
,LALPATHLAB,INE600L01024,2022-01-06,NSE,EQ,EQ,buy,False,1,3830.15,52038247,1200000007912868,2022-01-06T11:15:24,3830.15,11
,LALPATHLAB,INE600L01024,2022-01-06,NSE,EQ,EQ,sell,False,1,3830.05,52047209,1200000007943293,2022-01-06T11:16:19,3830.05,11
,MARUTI,INE585B01010,2022-01-06,NSE,EQ,EQ,buy,False,1,7816.0,52088524,1200000007971825,2022-01-06T11:20:03,7816.0,11
,MARUTI,INE585B01010,2022-01-06,NSE,EQ,EQ,sell,False,1,7820.2,52114821,1200000008121956,2022-01-06T11:22:38,7820.2,11
,EIDPARRY,INE126A01031,2022-01-06,NSE,EQ,EQ,buy,False,10,495.9,27465715,1100000009145795,2022-01-06T11:27:56,4959.0,11
,EIDPARRY,INE126A01031,2022-01-06,NSE,EQ,EQ,sell,False,10,496.2,27475869,1100000009155704,2022-01-06T11:28:53,4962.0,11
,IGL,INE203G01027,2022-01-06,NSE,EQ,EQ,buy,False,1,464.1,27505502,1100000009282906,2022-01-06T11:31:23,464.1,11
,IGL,INE203G01027,2022-01-06,NSE,EQ,EQ,sell,False,1,464.5,27526368,1100000009296631,2022-01-06T11:33:22,464.5,11
,SBIN,INE062A01020,2022-01-06,NSE,EQ,EQ,buy,False,1,493.8,77802644,1300000010222614,2022-01-06T11:34:09,493.8,11
,SBIN,INE062A01020,2022-01-06,NSE,EQ,EQ,sell,False,1,493.4,77898014,1300000010314005,2022-01-06T11:41:12,493.4,11
,GREAVESCOT,INE224A01026,2022-01-06,NSE,EQ,EQ,buy,False,10,165.1,27799762,1100000010395682,2022-01-06T11:59:38,1651.0,11
,GREAVESCOT,INE224A01026,2022-01-06,NSE,EQ,EQ,sell,False,10,163.9,27892654,1100000010437945,2022-01-06T12:06:14,1639.0,12
,TITAN,INE280A01028,2022-01-07,NSE,EQ,EQ,buy,False,10,2674.55,75156540,1300000000298412,2022-01-07T09:16:21,26745.5,9
,TITAN,INE280A01028,2022-01-07,NSE,EQ,EQ,sell,False,10,2670.0,75225941,1300000000862370,2022-01-07T09:17:29,26700.0,9
,UJJIVANSFB,INE551W01018,2022-01-07,NSE,EQ,EQ,buy,False,500,21.9,75366304,1300000001025111,2022-01-07T09:20:40,10950.0,9
,UJJIVANSFB,INE551W01018,2022-01-07,NSE,EQ,EQ,sell,False,500,21.95,75376358,1300000001354296,2022-01-07T09:20:56,10975.0,9
,ANANDRATHI,INE463V01026,2022-01-07,NSE,EQ,EQ,buy,False,1,641.35,257192,1000000000972166,2022-01-07T09:21:30,641.35,9
,ANANDRATHI,INE463V01026,2022-01-07,NSE,EQ,EQ,sell,False,1,642.0,285431,1000000000998202,2022-01-07T09:22:42,642.0,9
,TITAN,INE280A01028,2022-01-07,NSE,EQ,EQ,buy,False,10,2649.0,75469976,1300000001693790,2022-01-07T09:23:38,26490.0,9
,TITAN,INE280A01028,2022-01-07,NSE,EQ,EQ,sell,False,10,2656.55,75500846,1300000001810838,2022-01-07T09:24:37,26565.5,9
,RELIANCE,INE002A01018,2022-01-07,NSE,EQ,EQ,buy,False,10,2443.0,75532138,1300000001925046,2022-01-07T09:25:39,24430.0,9
,RELIANCE,INE002A01018,2022-01-07,NSE,EQ,EQ,sell,False,4,2443.0,75670791,1300000002149688,2022-01-07T09:29:20,9772.0,9
,RELIANCE,INE002A01018,2022-01-07,NSE,EQ,EQ,sell,False,2,2443.0,75671002,1300000002149688,2022-01-07T09:29:21,4886.0,9
,RELIANCE,INE002A01018,2022-01-07,NSE,EQ,EQ,sell,False,1,2443.0,75671195,1300000002149688,2022-01-07T09:29:21,2443.0,9
,RELIANCE,INE002A01018,2022-01-07,NSE,EQ,EQ,sell,False,3,2443.0,75671486,1300000002149688,2022-01-07T09:29:22,7329.0,9
,WIPRO,INE075A01022,2022-01-07,NSE,EQ,EQ,buy,False,20,712.0,75703922,1300000002411102,2022-01-07T09:30:21,14240.0,9
,WIPRO,INE075A01022,2022-01-07,NSE,EQ,EQ,sell,False,20,712.1,75723980,1300000002552442,2022-01-07T09:31:01,14242.0,9
,BPCL,INE029A01011,2022-01-07,NSE,EQ,EQ,buy,False,50,402.05,480334,1000000001849647,2022-01-07T09:31:26,20102.5,9
,BPCL,INE029A01011,2022-01-07,NSE,EQ,EQ,sell,False,50,400.7,641063,1000000001871306,2022-01-07T09:39:30,20035.0,9
,BANKBARODA,INE028A01039,2022-01-07,NSE,EQ,EQ,buy,False,50,87.6,711624,1000000002677312,2022-01-07T09:43:13,4380.0,9
,BANKBARODA,INE028A01039,2022-01-07,NSE,EQ,EQ,sell,False,50,87.75,746249,1000000002799716,2022-01-07T09:45:08,4387.5,9
,FEDERALBNK,INE171A01029,2022-01-07,NSE,EQ,EQ,buy,False,50,91.25,25947692,1100000003433023,2022-01-07T09:47:25,4562.5,9
,FEDERALBNK,INE171A01029,2022-01-07,NSE,EQ,EQ,sell,False,50,91.25,26077162,1100000003484116,2022-01-07T09:53:50,4562.5,9
,DLF,INE271C01023,2022-01-07,NSE,EQ,EQ,buy,False,50,404.0,26092446,1100000003973833,2022-01-07T09:54:32,20200.0,9
,DLF,INE271C01023,2022-01-07,NSE,EQ,EQ,sell,False,50,404.15,26097028,1100000003996910,2022-01-07T09:54:49,20207.5,9
,IGL,INE203G01027,2022-01-07,NSE,EQ,EQ,buy,False,100,473.4,26142717,1100000004041108,2022-01-07T09:57:03,47340.0,9
,IGL,INE203G01027,2022-01-07,NSE,EQ,EQ,sell,False,100,473.45,26152047,1100000004164419,2022-01-07T09:57:37,47345.0,9
,CUB,INE491A01021,2022-01-07,NSE,EQ,EQ,buy,False,100,141.5,1021020,1000000003962906,2022-01-07T10:02:17,14150.0,10
,CUB,INE491A01021,2022-01-07,NSE,EQ,EQ,sell,False,88,141.5,1201274,1000000003980096,2022-01-07T10:14:49,12452.0,10
,CUB,INE491A01021,2022-01-07,NSE,EQ,EQ,sell,False,2,141.5,1201742,1000000003980096,2022-01-07T10:14:51,283.0,10
,CUB,INE491A01021,2022-01-07,NSE,EQ,EQ,sell,False,1,141.5,1202613,1000000003980096,2022-01-07T10:14:54,141.5,10
,CUB,INE491A01021,2022-01-07,NSE,EQ,EQ,sell,False,9,141.5,1203471,1000000003980096,2022-01-07T10:14:57,1273.5,10
,SUNTECK,INE805D01034,2022-01-07,NSE,EQ,EQ,buy,False,5,521.9,76693434,1300000006274138,2022-01-07T10:18:50,2609.5,10
,SUNTECK,INE805D01034,2022-01-07,NSE,EQ,EQ,sell,False,5,521.5,76712059,1300000006323855,2022-01-07T10:20:05,2607.5,10
,SBILIFE,INE123W01016,2022-01-07,NSE,EQ,EQ,buy,False,21,1214.9,77701786,1300000010474838,2022-01-07T11:32:39,25512.9,11
,INDUSINDBK,INE095A01012,2022-01-07,NSE,EQ,EQ,buy,False,1,928.5,27527895,1100000009160965,2022-01-07T11:34:34,928.5,11
,SBILIFE,INE123W01016,2022-01-07,NSE,EQ,EQ,sell,False,9,1215.1,77729356,1300000010612118,2022-01-07T11:35:07,10935.9,11
,SBILIFE,INE123W01016,2022-01-07,NSE,EQ,EQ,sell,False,4,1215.1,77730274,1300000010612118,2022-01-07T11:35:12,4860.4,11
,SBILIFE,INE123W01016,2022-01-07,NSE,EQ,EQ,sell,False,3,1215.1,77730379,1300000010612118,2022-01-07T11:35:13,3645.2999999999997,11
,SBILIFE,INE123W01016,2022-01-07,NSE,EQ,EQ,sell,False,2,1215.1,77731678,1300000010612118,2022-01-07T11:35:22,2430.2,11
,SBILIFE,INE123W01016,2022-01-07,NSE,EQ,EQ,sell,False,3,1215.1,77731679,1300000010612118,2022-01-07T11:35:22,3645.2999999999997,11
,INDUSINDBK,INE095A01012,2022-01-07,NSE,EQ,EQ,sell,False,1,928.8,27543100,1100000009237605,2022-01-07T11:36:08,928.8,11
,ICICIPRULI,INE726G01019,2022-01-07,NSE,EQ,EQ,buy,False,50,583.35,27568129,1100000009318502,2022-01-07T11:38:14,29167.5,11
,ICICIPRULI,INE726G01019,2022-01-07,NSE,EQ,EQ,sell,False,50,583.5,27574496,1100000009336589,2022-01-07T11:38:54,29175.0,11
,PIDILITIND,INE318A01026,2022-01-07,NSE,EQ,EQ,buy,False,15,2700.0,52717997,1200000009615739,2022-01-07T11:40:37,40500.0,11
,PIDILITIND,INE318A01026,2022-01-07,NSE,EQ,EQ,sell,False,15,2700.5,52726459,1200000009636995,2022-01-07T11:41:22,40507.5,11
,HDFCLIFE,INE795G01014,2022-01-07,NSE,EQ,EQ,buy,False,1,652.0,27722868,1100000009873778,2022-01-07T11:48:52,652.0,11
,HDFCLIFE,INE795G01014,2022-01-07,NSE,EQ,EQ,buy,False,10,652.0,27723735,1100000009873778,2022-01-07T11:48:56,6520.0,11
,HDFCLIFE,INE795G01014,2022-01-07,NSE,EQ,EQ,buy,False,39,652.0,27726085,1100000009873778,2022-01-07T11:49:03,25428.0,11
,HDFCLIFE,INE795G01014,2022-01-07,NSE,EQ,EQ,sell,False,50,652.1,27750365,1100000009909081,2022-01-07T11:50:34,32605.0,11
,COLPAL,INE259A01022,2022-01-07,NSE,EQ,EQ,buy,False,1,1468.1,2241509,1000000009084124,2022-01-07T11:51:30,1468.1,11
,COLPAL,INE259A01022,2022-01-07,NSE,EQ,EQ,buy,False,19,1468.1,2243143,1000000009084124,2022-01-07T11:51:36,27893.899999999998,11
,COLPAL,INE259A01022,2022-01-07,NSE,EQ,EQ,sell,False,20,1468.25,2269544,1000000009150169,2022-01-07T11:53:35,29365.0,11
,GRASIM,INE047A01021,2022-01-07,NSE,EQ,EQ,buy,False,20,1780.0,27803254,1100000010210380,2022-01-07T11:53:54,35600.0,11
,GRASIM,INE047A01021,2022-01-07,NSE,EQ,EQ,sell,False,20,1780.2,27806771,1100000010228903,2022-01-07T11:54:09,35604.0,11
,TATACONSUM,INE192A01025,2022-01-07,NSE,EQ,EQ,buy,False,25,735.45,78013635,1300000011901945,2022-01-07T11:58:37,18386.25,11
,TATACONSUM,INE192A01025,2022-01-07,NSE,EQ,EQ,sell,False,25,736.0,78016539,1300000011911976,2022-01-07T11:58:56,18400.0,11
,SBIN,INE062A01020,2022-01-07,NSE,EQ,EQ,buy,False,50,494.5,78046281,1300000011982869,2022-01-07T12:01:35,24725.0,12
,SBIN,INE062A01020,2022-01-07,NSE,EQ,EQ,sell,False,50,494.6,78132359,1300000012374948,2022-01-07T12:08:33,24730.0,12
,COALINDIA,INE522F01014,2022-01-07,NSE,EQ,EQ,buy,False,100,156.35,2456535,1000000010056454,2022-01-07T12:14:44,15635.0,12
,COALINDIA,INE522F01014,2022-01-07,NSE,EQ,EQ,sell,False,100,156.45,2549183,1000000010192593,2022-01-07T12:23:38,15644.999999999998,12
,ONGC,INE213A01029,2022-01-07,NSE,EQ,EQ,buy,False,100,156.1,53193336,1200000011799583,2022-01-07T12:24:32,15610.0,12
,ONGC,INE213A01029,2022-01-07,NSE,EQ,EQ,sell,False,100,156.15,53204937,1200000011829675,2022-01-07T12:25:59,15615.0,12
,BRITANNIA,INE216A01030,2022-01-07,NSE,EQ,EQ,buy,False,9,3725.9,2842198,1000000011950549,2022-01-07T12:52:05,33533.1,12
,BRITANNIA,INE216A01030,2022-01-07,NSE,EQ,EQ,buy,False,1,3725.9,2842199,1000000011950549,2022-01-07T12:52:05,3725.9,12
,BRITANNIA,INE216A01030,2022-01-07,NSE,EQ,EQ,sell,False,10,3727.0,2846463,1000000011978790,2022-01-07T12:52:33,37270.0,12
,GRASIM,INE047A01021,2022-01-07,NSE,EQ,EQ,buy,False,20,1787.2,28650771,1100000013508168,2022-01-07T12:59:11,35744.0,12
,GRASIM,INE047A01021,2022-01-07,NSE,EQ,EQ,sell,False,20,1788.3,28654456,1100000013551211,2022-01-07T12:59:30,35766.0,12
,ULTRACEMCO,INE481G01011,2022-01-07,NSE,EQ,EQ,buy,False,6,7502.0,78948874,1300000015639453,2022-01-07T13:06:52,45012.0,13
,ULTRACEMCO,INE481G01011,2022-01-07,NSE,EQ,EQ,buy,False,4,7502.0,78948893,1300000015639453,2022-01-07T13:06:52,30008.0,13
,ULTRACEMCO,INE481G01011,2022-01-07,NSE,EQ,EQ,sell,False,1,7505.0,78951414,1300000015688947,2022-01-07T13:07:05,7505.0,13
,ULTRACEMCO,INE481G01011,2022-01-07,NSE,EQ,EQ,sell,False,9,7505.0,78951500,1300000015688947,2022-01-07T13:07:05,67545.0,13
,ASIANPAINT,INE021A01026,2022-01-07,NSE,EQ,EQ,buy,False,20,3566.25,3004991,1000000012798939,2022-01-07T13:10:42,71325.0,13
,ASIANPAINT,INE021A01026,2022-01-07,NSE,EQ,EQ,sell,False,9,3568.0,3013968,1000000012817852,2022-01-07T13:12:10,32112.0,13
,ASIANPAINT,INE021A01026,2022-01-07,NSE,EQ,EQ,sell,False,5,3568.0,3013991,1000000012817852,2022-01-07T13:12:10,17840.0,13
,ASIANPAINT,INE021A01026,2022-01-07,NSE,EQ,EQ,sell,False,3,3568.0,3014446,1000000012817852,2022-01-07T13:12:16,10704.0,13
,ASIANPAINT,INE021A01026,2022-01-07,NSE,EQ,EQ,sell,False,3,3568.0,3014488,1000000012817852,2022-01-07T13:12:16,10704.0,13
,UPL,INE628A01036,2022-01-07,NSE,EQ,EQ,buy,False,20,788.5,79560685,1300000018399280,2022-01-07T14:01:54,15770.0,14
,UPL,INE628A01036,2022-01-07,NSE,EQ,EQ,sell,False,20,786.0,79611624,1300000018430590,2022-01-07T14:06:07,15720.0,14
,ICICIBANK,INE090A01021,2022-01-07,NSE,EQ,EQ,buy,False,50,791.9,29582496,1100000017183571,2022-01-07T14:19:41,39595.0,14
,ICICIBANK,INE090A01021,2022-01-07,NSE,EQ,EQ,sell,False,50,792.5,29593193,1100000017210746,2022-01-07T14:20:29,39625.0,14
,UBL,INE686F01025,2022-01-07,NSE,EQ,EQ,buy,False,2,1585.9,79881467,1300000019745292,2022-01-07T14:27:14,3171.8,14
,UBL,INE686F01025,2022-01-07,NSE,EQ,EQ,buy,False,8,1585.9,79885489,1300000019745292,2022-01-07T14:27:35,12687.2,14
,UBL,INE686F01025,2022-01-07,NSE,EQ,EQ,sell,False,10,1586.5,79905572,1300000019881505,2022-01-07T14:29:20,15865.0,14
,JUBLFOOD,INE797F01012,2022-01-07,NSE,EQ,EQ,buy,False,15,3734.9,54473562,1200000017847734,2022-01-07T14:34:19,56023.5,14
,JUBLFOOD,INE797F01012,2022-01-07,NSE,EQ,EQ,sell,False,15,3735.0,54488114,1200000017891268,2022-01-07T14:35:29,56025.0,14
,HEROMOTOCO,INE158A01026,2022-01-10,NSE,EQ,EQ,buy,False,20,2570.0,26313368,1100000004618039,2022-01-10T09:54:58,51400.0,9
,HEROMOTOCO,INE158A01026,2022-01-10,NSE,EQ,EQ,sell,False,20,2571.2,26322887,1100000004649602,2022-01-10T09:55:26,51424.0,9
,ITC,INE154A01025,2022-01-10,NSE,EQ,EQ,buy,False,250,223.7,26385852,1100000004797829,2022-01-10T09:58:45,55925.0,9
,ITC,INE154A01025,2022-01-10,NSE,EQ,EQ,sell,False,41,222.15,29263679,1100000004936736,2022-01-10T13:27:36,9108.15,13
,ITC,INE154A01025,2022-01-10,NSE,EQ,EQ,sell,False,15,222.15,29263680,1100000004936736,2022-01-10T13:27:36,3332.25,13
,ITC,INE154A01025,2022-01-10,NSE,EQ,EQ,sell,False,29,222.15,29263681,1100000004936736,2022-01-10T13:27:36,6442.35,13
,ITC,INE154A01025,2022-01-10,NSE,EQ,EQ,sell,False,100,222.15,29263682,1100000004936736,2022-01-10T13:27:36,22215.0,13
,ITC,INE154A01025,2022-01-10,NSE,EQ,EQ,sell,False,65,222.15,29263683,1100000004936736,2022-01-10T13:27:36,14439.75,13
,HCLTECH,INE860A01027,2022-01-11,NSE,EQ,EQ,buy,False,50,1307.85,26089049,1100000003462154,2022-01-11T09:39:21,65392.49999999999,9
,HCLTECH,INE860A01027,2022-01-11,NSE,EQ,EQ,sell,False,5,1310.5,26128524,1100000003582817,2022-01-11T09:40:33,6552.5,9
,HCLTECH,INE860A01027,2022-01-11,NSE,EQ,EQ,sell,False,44,1310.5,26128614,1100000003582817,2022-01-11T09:40:33,57662.0,9
,HCLTECH,INE860A01027,2022-01-11,NSE,EQ,EQ,sell,False,1,1310.5,26128530,1100000003582817,2022-01-11T09:40:33,1310.5,9
,HDFC,INE001A01036,2022-01-11,NSE,EQ,EQ,buy,False,20,2700.2,26184984,1100000003739946,2022-01-11T09:42:02,54004.0,9
,HDFC,INE001A01036,2022-01-11,NSE,EQ,EQ,sell,False,20,2700.9,26234876,1100000003769384,2022-01-11T09:43:32,54018.0,9
,INFY,INE009A01021,2022-01-11,NSE,EQ,EQ,buy,False,35,1859.9,26317262,1100000004155892,2022-01-11T09:46:11,65096.5,9
,INFY,INE009A01021,2022-01-11,NSE,EQ,EQ,sell,False,3,1861.0,26339166,1100000004204220,2022-01-11T09:46:58,5583.0,9
,INFY,INE009A01021,2022-01-11,NSE,EQ,EQ,sell,False,10,1861.0,26339168,1100000004204220,2022-01-11T09:46:58,18610.0,9
,INFY,INE009A01021,2022-01-11,NSE,EQ,EQ,sell,False,10,1861.0,26339328,1100000004204220,2022-01-11T09:46:59,18610.0,9
,INFY,INE009A01021,2022-01-11,NSE,EQ,EQ,sell,False,1,1861.0,26339570,1100000004204220,2022-01-11T09:46:59,1861.0,9
,INFY,INE009A01021,2022-01-11,NSE,EQ,EQ,sell,False,1,1861.0,26339667,1100000004204220,2022-01-11T09:47:00,1861.0,9
,INFY,INE009A01021,2022-01-11,NSE,EQ,EQ,sell,False,10,1861.0,26339824,1100000004204220,2022-01-11T09:47:00,18610.0,9
,NTPC,INE733E01010,2022-01-11,NSE,EQ,EQ,buy,False,100,133.8,51474202,1200000004854833,2022-01-11T09:58:07,13380.000000000002,9
,NTPC,INE733E01010,2022-01-11,NSE,EQ,EQ,sell,False,1,133.35,51665532,1200000004907701,2022-01-11T10:08:36,133.35,10
,NTPC,INE733E01010,2022-01-11,NSE,EQ,EQ,sell,False,7,133.35,51665533,1200000004907701,2022-01-11T10:08:36,933.4499999999999,10
,NTPC,INE733E01010,2022-01-11,NSE,EQ,EQ,sell,False,92,133.3,51665534,1200000004907701,2022-01-11T10:08:36,12263.6,10
,SUNPHARMA,INE044A01036,2022-01-11,NSE,EQ,EQ,sell,False,83,837.9,76943244,1300000006609646,2022-01-11T10:12:01,69545.7,10
,SUNPHARMA,INE044A01036,2022-01-11,NSE,EQ,EQ,buy,False,19,838.2,77262077,1300000007677614,2022-01-11T10:27:49,15925.800000000001,10
,SUNPHARMA,INE044A01036,2022-01-11,NSE,EQ,EQ,buy,False,3,838.2,77262074,1300000007677614,2022-01-11T10:27:49,2514.6000000000004,10
,SUNPHARMA,INE044A01036,2022-01-11,NSE,EQ,EQ,buy,False,29,838.2,77262075,1300000007677614,2022-01-11T10:27:49,24307.800000000003,10
,SUNPHARMA,INE044A01036,2022-01-11,NSE,EQ,EQ,buy,False,3,838.2,77262076,1300000007677614,2022-01-11T10:27:49,2514.6000000000004,10
,SUNPHARMA,INE044A01036,2022-01-11,NSE,EQ,EQ,buy,False,29,838.2,77262073,1300000007677614,2022-01-11T10:27:49,24307.800000000003,10
,GRASIM,INE047A01021,2022-01-11,NSE,EQ,EQ,sell,False,13,1844.65,27555773,1100000008249113,2022-01-11T10:44:11,23980.45,10
,GRASIM,INE047A01021,2022-01-11,NSE,EQ,EQ,sell,False,17,1844.65,27555772,1100000008249113,2022-01-11T10:44:11,31359.050000000003,10
,GRASIM,INE047A01021,2022-01-11,NSE,EQ,EQ,buy,False,30,1843.0,27578564,1100000008268334,2022-01-11T10:45:21,55290.0,10
,UPL,INE628A01036,2022-01-11,NSE,EQ,EQ,sell,False,3,820.1,77686140,1300000009205191,2022-01-11T10:52:43,2460.3,10
,UPL,INE628A01036,2022-01-11,NSE,EQ,EQ,sell,False,2,820.1,77686129,1300000009205191,2022-01-11T10:52:43,1640.2,10
,UPL,INE628A01036,2022-01-11,NSE,EQ,EQ,sell,False,6,820.1,77686130,1300000009205191,2022-01-11T10:52:43,4920.6,10
,UPL,INE628A01036,2022-01-11,NSE,EQ,EQ,sell,False,3,820.1,77686131,1300000009205191,2022-01-11T10:52:43,2460.3,10
,UPL,INE628A01036,2022-01-11,NSE,EQ,EQ,sell,False,6,820.1,77686132,1300000009205191,2022-01-11T10:52:43,4920.6,10
,UPL,INE628A01036,2022-01-11,NSE,EQ,EQ,sell,False,3,820.1,77686133,1300000009205191,2022-01-11T10:52:43,2460.3,10
,UPL,INE628A01036,2022-01-11,NSE,EQ,EQ,sell,False,6,820.1,77686134,1300000009205191,2022-01-11T10:52:43,4920.6,10
,UPL,INE628A01036,2022-01-11,NSE,EQ,EQ,sell,False,3,820.1,77686135,1300000009205191,2022-01-11T10:52:43,2460.3,10
,UPL,INE628A01036,2022-01-11,NSE,EQ,EQ,sell,False,6,820.1,77686136,1300000009205191,2022-01-11T10:52:43,4920.6,10
,UPL,INE628A01036,2022-01-11,NSE,EQ,EQ,sell,False,3,820.1,77686137,1300000009205191,2022-01-11T10:52:43,2460.3,10
,UPL,INE628A01036,2022-01-11,NSE,EQ,EQ,sell,False,6,820.1,77686138,1300000009205191,2022-01-11T10:52:43,4920.6,10
,UPL,INE628A01036,2022-01-11,NSE,EQ,EQ,sell,False,3,820.1,77686139,1300000009205191,2022-01-11T10:52:43,2460.3,10
,UPL,INE628A01036,2022-01-11,NSE,EQ,EQ,buy,False,50,819.5,77691268,1300000009221347,2022-01-11T10:53:05,40975.0,10
,TATAMOTORS,INE155A01022,2022-01-11,NSE,EQ,EQ,sell,False,30,504.3,77851219,1300000009769128,2022-01-11T11:05:23,15129.0,11
,TATAMOTORS,INE155A01022,2022-01-11,NSE,EQ,EQ,sell,False,70,504.3,77851232,1300000009769128,2022-01-11T11:05:23,35301.0,11
,TATAMOTORS,INE155A01022,2022-01-11,NSE,EQ,EQ,buy,False,100,503.75,77876006,1300000009780973,2022-01-11T11:07:22,50375.0,11
,SBIN,INE062A01020,2022-01-11,NSE,EQ,EQ,sell,False,1,506.0,78550570,1300000012135443,2022-01-11T12:00:30,506.0,12
,SBIN,INE062A01020,2022-01-11,NSE,EQ,EQ,sell,False,8,506.0,78550569,1300000012135443,2022-01-11T12:00:30,4048.0,12
,SBIN,INE062A01020,2022-01-11,NSE,EQ,EQ,sell,False,100,506.0,78550653,1300000012135443,2022-01-11T12:00:31,50600.0,12
,SBIN,INE062A01020,2022-01-11,NSE,EQ,EQ,sell,False,5,506.0,78550758,1300000012135443,2022-01-11T12:00:31,2530.0,12
,SBIN,INE062A01020,2022-01-11,NSE,EQ,EQ,sell,False,1,506.0,78550598,1300000012135443,2022-01-11T12:00:31,506.0,12
,SBIN,INE062A01020,2022-01-11,NSE,EQ,EQ,sell,False,4,506.0,78550645,1300000012135443,2022-01-11T12:00:31,2024.0,12
,SBIN,INE062A01020,2022-01-11,NSE,EQ,EQ,sell,False,1,506.0,78550672,1300000012135443,2022-01-11T12:00:31,506.0,12
,SBIN,INE062A01020,2022-01-11,NSE,EQ,EQ,buy,False,120,505.75,78638058,1300000012144424,2022-01-11T12:07:38,60690.0,12
,CHOLAFIN,INE121A01024,2022-01-11,NSE,EQ,EQ,sell,False,100,573.0,2691964,1000000010442244,2022-01-11T12:22:49,57300.0,12
,CHOLAFIN,INE121A01024,2022-01-11,NSE,EQ,EQ,buy,False,1,573.1,2695309,1000000010480746,2022-01-11T12:23:06,573.1,12
,CHOLAFIN,INE121A01024,2022-01-11,NSE,EQ,EQ,buy,False,1,573.1,2695538,1000000010480746,2022-01-11T12:23:07,573.1,12
,CHOLAFIN,INE121A01024,2022-01-11,NSE,EQ,EQ,buy,False,1,573.1,2695421,1000000010480746,2022-01-11T12:23:07,573.1,12
,CHOLAFIN,INE121A01024,2022-01-11,NSE,EQ,EQ,buy,False,97,572.7,2700821,1000000010480746,2022-01-11T12:23:39,55551.9,12
,IOC,INE242A01010,2022-01-14,NSE,EQ,EQ,sell,False,312,123.05,26990644,1100000007112596,2022-01-14T10:40:53,38391.6,10
,IOC,INE242A01010,2022-01-14,NSE,EQ,EQ,sell,False,188,123.05,26990643,1100000007112596,2022-01-14T10:40:53,23133.399999999998,10
,IOC,INE242A01010,2022-01-14,NSE,EQ,EQ,buy,False,500,122.8,27032080,1100000007262214,2022-01-14T10:43:44,61400.0,10
,ADANIPORTS,INE742F01042,2022-01-14,NSE,EQ,EQ,buy,False,94,782.8,1493934,1000000006386336,2022-01-14T10:49:59,73583.2,10
,ADANIPORTS,INE742F01042,2022-01-14,NSE,EQ,EQ,sell,False,94,784.0,1521810,1000000006453066,2022-01-14T10:52:57,73696.0,10
,BPCL,INE029A01011,2022-01-14,NSE,EQ,EQ,sell,False,305,398.0,1591895,1000000006713410,2022-01-14T10:59:33,121390.0,10
,BPCL,INE029A01011,2022-01-14,NSE,EQ,EQ,sell,False,50,398.0,1592839,1000000006713410,2022-01-14T10:59:39,19900.0,10
,BPCL,INE029A01011,2022-01-14,NSE,EQ,EQ,sell,False,10,398.0,1592884,1000000006713410,2022-01-14T10:59:39,3980.0,10
,BPCL,INE029A01011,2022-01-14,NSE,EQ,EQ,sell,False,7,398.0,1592994,1000000006713410,2022-01-14T10:59:40,2786.0,10
,BPCL,INE029A01011,2022-01-14,NSE,EQ,EQ,sell,False,100,398.0,1592924,1000000006713410,2022-01-14T10:59:40,39800.0,10
,BPCL,INE029A01011,2022-01-14,NSE,EQ,EQ,sell,False,1,398.0,1593211,1000000006713410,2022-01-14T10:59:41,398.0,10
,BPCL,INE029A01011,2022-01-14,NSE,EQ,EQ,sell,False,96,398.0,1593462,1000000006713410,2022-01-14T10:59:43,38208.0,10
,BPCL,INE029A01011,2022-01-14,NSE,EQ,EQ,sell,False,50,398.0,1593480,1000000006713410,2022-01-14T10:59:43,19900.0,10
,BPCL,INE029A01011,2022-01-14,NSE,EQ,EQ,sell,False,4,398.0,1593545,1000000006713410,2022-01-14T10:59:44,1592.0,10
,BPCL,INE029A01011,2022-01-14,NSE,EQ,EQ,sell,False,2,398.0,1593552,1000000006713410,2022-01-14T10:59:44,796.0,10
,BPCL,INE029A01011,2022-01-14,NSE,EQ,EQ,buy,False,625,397.4,1754608,1000000006852739,2022-01-14T11:15:53,248375.0,11
,JSWSTEEL,INE019A01038,2022-01-14,NSE,EQ,EQ,sell,False,360,682.9,52636966,1200000009534996,2022-01-14T11:40:04,245844.0,11
,JSWSTEEL,INE019A01038,2022-01-14,NSE,EQ,EQ,buy,False,116,683.25,52866101,1200000010629957,2022-01-14T12:00:36,79257.0,12
,JSWSTEEL,INE019A01038,2022-01-14,NSE,EQ,EQ,buy,False,100,683.2,52866100,1200000010629957,2022-01-14T12:00:36,68320.0,12
,JSWSTEEL,INE019A01038,2022-01-14,NSE,EQ,EQ,buy,False,143,683.2,52866099,1200000010629957,2022-01-14T12:00:36,97697.6,12
,JSWSTEEL,INE019A01038,2022-01-14,NSE,EQ,EQ,buy,False,1,683.2,52866098,1200000010629957,2022-01-14T12:00:36,683.2,12
,WIPRO,INE075A01022,2022-01-14,NSE,EQ,EQ,sell,False,1,640.5,78344612,1300000011448041,2022-01-14T12:05:05,640.5,12
,WIPRO,INE075A01022,2022-01-14,NSE,EQ,EQ,sell,False,4,640.5,78344543,1300000011448041,2022-01-14T12:05:05,2562.0,12
,WIPRO,INE075A01022,2022-01-14,NSE,EQ,EQ,sell,False,2,640.5,78344674,1300000011448041,2022-01-14T12:05:06,1281.0,12
,WIPRO,INE075A01022,2022-01-14,NSE,EQ,EQ,sell,False,1,640.5,78344708,1300000011448041,2022-01-14T12:05:06,640.5,12
,WIPRO,INE075A01022,2022-01-14,NSE,EQ,EQ,sell,False,5,640.5,78344759,1300000011448041,2022-01-14T12:05:06,3202.5,12
,WIPRO,INE075A01022,2022-01-14,NSE,EQ,EQ,sell,False,5,640.5,78344791,1300000011448041,2022-01-14T12:05:06,3202.5,12
,WIPRO,INE075A01022,2022-01-14,NSE,EQ,EQ,sell,False,1,640.5,78344799,1300000011448041,2022-01-14T12:05:06,640.5,12
,WIPRO,INE075A01022,2022-01-14,NSE,EQ,EQ,sell,False,5,640.5,78344825,1300000011448041,2022-01-14T12:05:07,3202.5,12
,WIPRO,INE075A01022,2022-01-14,NSE,EQ,EQ,sell,False,90,640.5,78344916,1300000011448041,2022-01-14T12:05:07,57645.0,12
,WIPRO,INE075A01022,2022-01-14,NSE,EQ,EQ,sell,False,10,640.5,78344878,1300000011448041,2022-01-14T12:05:07,6405.0,12
,WIPRO,INE075A01022,2022-01-14,NSE,EQ,EQ,sell,False,265,640.5,78345083,1300000011448041,2022-01-14T12:05:08,169732.5,12
,WIPRO,INE075A01022,2022-01-14,NSE,EQ,EQ,sell,False,1,640.5,78345057,1300000011448041,2022-01-14T12:05:08,640.5,12
,WIPRO,INE075A01022,2022-01-14,NSE,EQ,EQ,buy,False,390,640.1,78348947,1300000011461272,2022-01-14T12:05:27,249639.0,12
,ITC,INE154A01025,2022-01-14,NSE,EQ,EQ,sell,False,4,224.5,28237387,1100000011444036,2022-01-14T12:15:10,898.0,12
,ITC,INE154A01025,2022-01-14,NSE,EQ,EQ,sell,False,1096,224.5,28237526,1100000011444036,2022-01-14T12:15:11,246052.0,12
,ITC,INE154A01025,2022-01-14,NSE,EQ,EQ,buy,False,1100,224.2,28261590,1100000011464693,2022-01-14T12:17:02,246620.0,12
,INDUSINDBK,INE095A01012,2022-01-14,NSE,EQ,EQ,sell,False,270,920.2,28519221,1100000012300735,2022-01-14T12:37:49,248454.0,12
,INDUSINDBK,INE095A01012,2022-01-14,NSE,EQ,EQ,buy,False,1,921.35,29475201,1100000015458450,2022-01-14T14:00:53,921.35,14
,INDUSINDBK,INE095A01012,2022-01-14,NSE,EQ,EQ,buy,False,1,921.35,29475202,1100000015458450,2022-01-14T14:00:53,921.35,14
,INDUSINDBK,INE095A01012,2022-01-14,NSE,EQ,EQ,buy,False,50,921.45,29475205,1100000015458450,2022-01-14T14:00:53,46072.5,14
,INDUSINDBK,INE095A01012,2022-01-14,NSE,EQ,EQ,buy,False,26,921.45,29475204,1100000015458450,2022-01-14T14:00:53,23957.7,14
,INDUSINDBK,INE095A01012,2022-01-14,NSE,EQ,EQ,buy,False,112,921.35,29475203,1100000015458450,2022-01-14T14:00:53,103191.2,14
,INDUSINDBK,INE095A01012,2022-01-14,NSE,EQ,EQ,buy,False,28,921.15,29475199,1100000015458450,2022-01-14T14:00:53,25792.2,14
,INDUSINDBK,INE095A01012,2022-01-14,NSE,EQ,EQ,buy,False,52,921.35,29475200,1100000015458450,2022-01-14T14:00:53,47910.200000000004,14
,SBIN,INE062A01020,2022-01-14,NSE,EQ,EQ,buy,False,477,507.4,79817888,1300000016291962,2022-01-14T14:14:23,242029.8,14
,SBIN,INE062A01020,2022-01-14,NSE,EQ,EQ,buy,False,13,507.4,79817900,1300000016291962,2022-01-14T14:14:23,6596.2,14
,SBIN,INE062A01020,2022-01-14,NSE,EQ,EQ,sell,False,490,507.7,79822339,1300000016420632,2022-01-14T14:14:44,248773.0,14
,ICICIBANK,INE090A01021,2022-01-14,NSE,EQ,EQ,buy,False,31,817.45,29776733,1100000016358828,2022-01-14T14:23:56,25340.95,14
,ICICIBANK,INE090A01021,2022-01-14,NSE,EQ,EQ,buy,False,77,817.45,29776734,1100000016358828,2022-01-14T14:23:56,62943.65,14
,ICICIBANK,INE090A01021,2022-01-14,NSE,EQ,EQ,buy,False,7,817.45,29776728,1100000016358828,2022-01-14T14:23:56,5722.150000000001,14
,ICICIBANK,INE090A01021,2022-01-14,NSE,EQ,EQ,buy,False,40,817.45,29776752,1100000016358828,2022-01-14T14:23:56,32698.0,14
,ICICIBANK,INE090A01021,2022-01-14,NSE,EQ,EQ,buy,False,145,817.45,29776996,1100000016358828,2022-01-14T14:23:57,118530.25,14
,ICICIBANK,INE090A01021,2022-01-14,NSE,EQ,EQ,sell,False,2,817.9,29783589,1100000016376665,2022-01-14T14:24:28,1635.8,14
,ICICIBANK,INE090A01021,2022-01-14,NSE,EQ,EQ,sell,False,7,817.9,29784873,1100000016376665,2022-01-14T14:24:32,5725.3,14
,ICICIBANK,INE090A01021,2022-01-14,NSE,EQ,EQ,sell,False,291,817.9,29786318,1100000016376665,2022-01-14T14:24:38,238008.9,14
,HCLTECH,INE860A01027,2022-01-14,NSE,EQ,EQ,sell,False,1,1336.4,29977861,1100000016936779,2022-01-14T14:38:03,1336.4,14
,HCLTECH,INE860A01027,2022-01-14,NSE,EQ,EQ,sell,False,3,1336.4,29978318,1100000016936779,2022-01-14T14:38:05,4009.2000000000003,14
,HCLTECH,INE860A01027,2022-01-14,NSE,EQ,EQ,sell,False,10,1336.4,29978470,1100000016936779,2022-01-14T14:38:06,13364.0,14
,HCLTECH,INE860A01027,2022-01-14,NSE,EQ,EQ,sell,False,1,1336.4,29978698,1100000016936779,2022-01-14T14:38:06,1336.4,14
,HCLTECH,INE860A01027,2022-01-14,NSE,EQ,EQ,sell,False,10,1336.4,29979528,1100000016936779,2022-01-14T14:38:09,13364.0,14
,HCLTECH,INE860A01027,2022-01-14,NSE,EQ,EQ,sell,False,15,1336.4,29979576,1100000016936779,2022-01-14T14:38:09,20046.0,14
,HCLTECH,INE860A01027,2022-01-14,NSE,EQ,EQ,sell,False,6,1336.4,29979787,1100000016936779,2022-01-14T14:38:10,8018.400000000001,14
,HCLTECH,INE860A01027,2022-01-14,NSE,EQ,EQ,sell,False,2,1336.4,29979768,1100000016936779,2022-01-14T14:38:10,2672.8,14
,HCLTECH,INE860A01027,2022-01-14,NSE,EQ,EQ,sell,False,1,1336.4,29980119,1100000016936779,2022-01-14T14:38:12,1336.4,14
,HCLTECH,INE860A01027,2022-01-14,NSE,EQ,EQ,sell,False,14,1336.4,29980210,1100000016936779,2022-01-14T14:38:12,18709.600000000002,14
,HCLTECH,INE860A01027,2022-01-14,NSE,EQ,EQ,sell,False,100,1336.4,29980393,1100000016936779,2022-01-14T14:38:13,133640.0,14
,HCLTECH,INE860A01027,2022-01-14,NSE,EQ,EQ,sell,False,6,1336.4,29980352,1100000016936779,2022-01-14T14:38:13,8018.400000000001,14
,HCLTECH,INE860A01027,2022-01-14,NSE,EQ,EQ,sell,False,11,1336.4,29982198,1100000016936779,2022-01-14T14:38:19,14700.400000000001,14
,HCLTECH,INE860A01027,2022-01-14,NSE,EQ,EQ,buy,False,28,1337.75,30616159,1100000018647817,2022-01-14T15:14:54,37457.0,15
,HCLTECH,INE860A01027,2022-01-14,NSE,EQ,EQ,buy,False,22,1337.75,30616160,1100000018647817,2022-01-14T15:14:54,29430.5,15
,HCLTECH,INE860A01027,2022-01-14,NSE,EQ,EQ,buy,False,89,1337.75,30616161,1100000018647817,2022-01-14T15:14:54,119059.75,15
,HCLTECH,INE860A01027,2022-01-14,NSE,EQ,EQ,buy,False,41,1337.75,30616158,1100000018647817,2022-01-14T15:14:54,54847.75,15
,ONGC,INE213A01029,2022-01-17,NSE,EQ,EQ,buy,False,391,163.0,50835416,1200000002664987,2022-01-17T09:34:40,63733.0,9
,ONGC,INE213A01029,2022-01-17,NSE,EQ,EQ,buy,False,359,163.0,50835415,1200000002664987,2022-01-17T09:34:40,58517.0,9
,ONGC,INE213A01029,2022-01-17,NSE,EQ,EQ,sell,False,750,164.0,51160580,1200000002731089,2022-01-17T09:46:52,123000.0,9
,SBIN,INE062A01020,2022-01-17,NSE,EQ,EQ,sell,False,159,516.1,76333252,1300000004663614,2022-01-17T09:48:12,82059.90000000001,9
,SBIN,INE062A01020,2022-01-17,NSE,EQ,EQ,sell,False,81,515.7,76359167,1300000004663614,2022-01-17T09:49:15,41771.700000000004,9
,BPCL,INE029A01011,2022-01-17,NSE,EQ,EQ,buy,False,310,401.6,919973,1000000003690517,2022-01-17T09:52:24,124496.0,9
,BPCL,INE029A01011,2022-01-17,NSE,EQ,EQ,sell,False,310,403.3,1265583,1000000003750130,2022-01-17T10:15:17,125023.0,10
,ONGC,INE213A01029,2022-01-17,NSE,EQ,EQ,sell,False,371,166.75,52330225,1200000007541143,2022-01-17T10:51:33,61864.25,10
,ONGC,INE213A01029,2022-01-17,NSE,EQ,EQ,sell,False,10,166.75,52330273,1200000007541143,2022-01-17T10:51:33,1667.5,10
,ONGC,INE213A01029,2022-01-17,NSE,EQ,EQ,sell,False,4,166.75,52330624,1200000007541143,2022-01-17T10:51:34,667.0,10
,ONGC,INE213A01029,2022-01-17,NSE,EQ,EQ,sell,False,200,166.75,52330447,1200000007541143,2022-01-17T10:51:34,33350.0,10
,ONGC,INE213A01029,2022-01-17,NSE,EQ,EQ,sell,False,148,166.75,52330799,1200000007541143,2022-01-17T10:51:36,24679.0,10
,ONGC,INE213A01029,2022-01-17,NSE,EQ,EQ,sell,False,3,166.75,52330964,1200000007541143,2022-01-17T10:51:37,500.25,10
,ONGC,INE213A01029,2022-01-17,NSE,EQ,EQ,sell,False,2,166.75,52330999,1200000007541143,2022-01-17T10:51:37,333.5,10
,ONGC,INE213A01029,2022-01-17,NSE,EQ,EQ,sell,False,2,166.75,52330995,1200000007541143,2022-01-17T10:51:37,333.5,10
,ONGC,INE213A01029,2022-01-17,NSE,EQ,EQ,buy,False,740,166.75,52345760,1200000007626097,2022-01-17T10:52:53,123395.0,10
,WIPRO,INE075A01022,2022-01-17,NSE,EQ,EQ,buy,False,7,647.0,77541039,1300000008894352,2022-01-17T10:54:26,4529.0,10
,WIPRO,INE075A01022,2022-01-17,NSE,EQ,EQ,buy,False,1,647.0,77541035,1300000008894352,2022-01-17T10:54:26,647.0,10
,WIPRO,INE075A01022,2022-01-17,NSE,EQ,EQ,buy,False,39,647.0,77541034,1300000008894352,2022-01-17T10:54:26,25233.0,10
,WIPRO,INE075A01022,2022-01-17,NSE,EQ,EQ,buy,False,142,647.0,77541104,1300000008894352,2022-01-17T10:54:26,91874.0,10
,WIPRO,INE075A01022,2022-01-17,NSE,EQ,EQ,buy,False,1,647.0,77541103,1300000008894352,2022-01-17T10:54:26,647.0,10
,WIPRO,INE075A01022,2022-01-17,NSE,EQ,EQ,sell,False,190,649.0,77564958,1300000008916320,2022-01-17T10:55:54,123310.0,10
,AMARAJABAT,INE885A01032,2022-01-17,NSE,EQ,EQ,sell,False,1,659.8,1796922,1000000007021239,2022-01-17T11:00:17,659.8,11
,AMARAJABAT,INE885A01032,2022-01-17,NSE,EQ,EQ,sell,False,25,659.8,1797068,1000000007021239,2022-01-17T11:00:18,16495.0,11
,AMARAJABAT,INE885A01032,2022-01-17,NSE,EQ,EQ,sell,False,40,659.8,1797060,1000000007021239,2022-01-17T11:00:18,26392.0,11
,AMARAJABAT,INE885A01032,2022-01-17,NSE,EQ,EQ,sell,False,30,659.8,1797426,1000000007021239,2022-01-17T11:00:19,19794.0,11
,AMARAJABAT,INE885A01032,2022-01-17,NSE,EQ,EQ,sell,False,89,659.8,1798255,1000000007021239,2022-01-17T11:00:21,58722.2,11
,SBIN,INE062A01020,2022-01-17,NSE,EQ,EQ,buy,False,110,512.6,78666832,1300000004857267,2022-01-17T12:16:18,56386.0,12
,SBIN,INE062A01020,2022-01-17,NSE,EQ,EQ,buy,False,130,512.6,78666833,1300000004857267,2022-01-17T12:16:18,66638.0,12
,SBILIFE,INE123W01016,2022-01-17,NSE,EQ,EQ,sell,False,95,1287.0,78900541,1300000013549549,2022-01-17T12:35:44,122265.0,12
,AMARAJABAT,INE885A01032,2022-01-17,NSE,EQ,EQ,buy,False,30,658.05,4404409,1000000007071253,2022-01-17T15:08:37,19741.5,15
,AMARAJABAT,INE885A01032,2022-01-17,NSE,EQ,EQ,buy,False,87,658.05,4405012,1000000007071253,2022-01-17T15:08:39,57250.35,15
,AMARAJABAT,INE885A01032,2022-01-17,NSE,EQ,EQ,buy,False,68,658.05,4405722,1000000007071253,2022-01-17T15:08:42,44747.399999999994,15
,SBILIFE,INE123W01016,2022-01-17,NSE,EQ,EQ,buy,False,3,1290.05,81226935,1300000020967542,2022-01-17T15:14:26,3870.1499999999996,15
,SBILIFE,INE123W01016,2022-01-17,NSE,EQ,EQ,buy,False,1,1290.05,81226936,1300000020967542,2022-01-17T15:14:26,1290.05,15
,SBILIFE,INE123W01016,2022-01-17,NSE,EQ,EQ,buy,False,5,1290.05,81226937,1300000020967542,2022-01-17T15:14:26,6450.25,15
,SBILIFE,INE123W01016,2022-01-17,NSE,EQ,EQ,buy,False,4,1290.4,81226938,1300000020967542,2022-01-17T15:14:26,5161.6,15
,SBILIFE,INE123W01016,2022-01-17,NSE,EQ,EQ,buy,False,1,1290.4,81226939,1300000020967542,2022-01-17T15:14:26,1290.4,15
,SBILIFE,INE123W01016,2022-01-17,NSE,EQ,EQ,buy,False,27,1290.4,81226940,1300000020967542,2022-01-17T15:14:26,34840.8,15
,SBILIFE,INE123W01016,2022-01-17,NSE,EQ,EQ,buy,False,44,1290.45,81226941,1300000020967542,2022-01-17T15:14:26,56779.8,15
,SBILIFE,INE123W01016,2022-01-17,NSE,EQ,EQ,buy,False,2,1290.05,81226933,1300000020967542,2022-01-17T15:14:26,2580.1,15
,SBILIFE,INE123W01016,2022-01-17,NSE,EQ,EQ,buy,False,8,1290.05,81226934,1300000020967542,2022-01-17T15:14:26,10320.4,15
,AXISBANK,INE238A01034,2022-01-18,NSE,EQ,EQ,sell,False,170,725.05,1199308,1000000004257693,2022-01-18T09:55:50,123258.49999999999,9
,FEDERALBNK,INE171A01029,2022-01-18,NSE,EQ,EQ,sell,False,3,99.35,26899962,1100000006186026,2022-01-18T10:15:57,298.04999999999995,10
,FEDERALBNK,INE171A01029,2022-01-18,NSE,EQ,EQ,sell,False,2,99.35,26901195,1100000006186026,2022-01-18T10:16:00,198.7,10
,FEDERALBNK,INE171A01029,2022-01-18,NSE,EQ,EQ,sell,False,541,99.35,26901511,1100000006186026,2022-01-18T10:16:01,53748.35,10
,FEDERALBNK,INE171A01029,2022-01-18,NSE,EQ,EQ,sell,False,100,99.35,26901509,1100000006186026,2022-01-18T10:16:01,9935.0,10
,FEDERALBNK,INE171A01029,2022-01-18,NSE,EQ,EQ,sell,False,10,99.35,26901585,1100000006186026,2022-01-18T10:16:02,993.5,10
,FEDERALBNK,INE171A01029,2022-01-18,NSE,EQ,EQ,sell,False,594,99.35,26902314,1100000006186026,2022-01-18T10:16:04,59013.899999999994,10
,FEDERALBNK,INE171A01029,2022-01-18,NSE,EQ,EQ,buy,False,100,99.1,26930743,1100000006234388,2022-01-18T10:17:20,9910.0,10
,FEDERALBNK,INE171A01029,2022-01-18,NSE,EQ,EQ,buy,False,55,99.1,26931060,1100000006234388,2022-01-18T10:17:21,5450.5,10
,FEDERALBNK,INE171A01029,2022-01-18,NSE,EQ,EQ,buy,False,1095,99.1,26931186,1100000006234388,2022-01-18T10:17:22,108514.5,10
,JSWSTEEL,INE019A01038,2022-01-18,NSE,EQ,EQ,sell,False,86,688.0,51918293,1200000006534254,2022-01-18T10:21:36,59168.0,10
,JSWSTEEL,INE019A01038,2022-01-18,NSE,EQ,EQ,sell,False,50,688.0,51918320,1200000006534254,2022-01-18T10:21:36,34400.0,10
,JSWSTEEL,INE019A01038,2022-01-18,NSE,EQ,EQ,sell,False,1,688.0,51918934,1200000006534254,2022-01-18T10:21:38,688.0,10
,JSWSTEEL,INE019A01038,2022-01-18,NSE,EQ,EQ,sell,False,43,688.0,51919134,1200000006534254,2022-01-18T10:21:38,29584.0,10
,AXISBANK,INE238A01034,2022-01-18,NSE,EQ,EQ,buy,False,130,723.5,1677644,1000000004295703,2022-01-18T10:21:40,94055.0,10
,AXISBANK,INE238A01034,2022-01-18,NSE,EQ,EQ,buy,False,40,723.5,1677625,1000000004295703,2022-01-18T10:21:40,28940.0,10
,ICICIBANK,INE090A01021,2022-01-18,NSE,EQ,EQ,sell,False,13,819.95,27122667,1100000007044030,2022-01-18T10:27:34,10659.35,10
,ICICIBANK,INE090A01021,2022-01-18,NSE,EQ,EQ,sell,False,1,819.95,27122788,1100000007044030,2022-01-18T10:27:35,819.95,10
,ICICIBANK,INE090A01021,2022-01-18,NSE,EQ,EQ,sell,False,1,819.95,27123035,1100000007044030,2022-01-18T10:27:36,819.95,10
,ICICIBANK,INE090A01021,2022-01-18,NSE,EQ,EQ,sell,False,100,819.95,27123029,1100000007044030,2022-01-18T10:27:36,81995.0,10
,ICICIBANK,INE090A01021,2022-01-18,NSE,EQ,EQ,sell,False,35,819.95,27123010,1100000007044030,2022-01-18T10:27:36,28698.25,10
,ICICIBANK,INE090A01021,2022-01-18,NSE,EQ,EQ,buy,False,14,819.3,27234263,1100000007127742,2022-01-18T10:34:50,11470.199999999999,10
,ICICIBANK,INE090A01021,2022-01-18,NSE,EQ,EQ,buy,False,5,819.3,27234393,1100000007127742,2022-01-18T10:34:51,4096.5,10
,ICICIBANK,INE090A01021,2022-01-18,NSE,EQ,EQ,buy,False,9,819.3,27234573,1100000007127742,2022-01-18T10:34:51,7373.7,10
,ICICIBANK,INE090A01021,2022-01-18,NSE,EQ,EQ,buy,False,2,819.3,27234456,1100000007127742,2022-01-18T10:34:51,1638.6,10
,ICICIBANK,INE090A01021,2022-01-18,NSE,EQ,EQ,buy,False,1,819.3,27234827,1100000007127742,2022-01-18T10:34:52,819.3,10
,ICICIBANK,INE090A01021,2022-01-18,NSE,EQ,EQ,buy,False,28,819.3,27234983,1100000007127742,2022-01-18T10:34:53,22940.399999999998,10
,ICICIBANK,INE090A01021,2022-01-18,NSE,EQ,EQ,buy,False,29,819.3,27234982,1100000007127742,2022-01-18T10:34:53,23759.699999999997,10
,ICICIBANK,INE090A01021,2022-01-18,NSE,EQ,EQ,buy,False,10,819.3,27235227,1100000007127742,2022-01-18T10:34:54,8193.0,10
,ICICIBANK,INE090A01021,2022-01-18,NSE,EQ,EQ,buy,False,11,819.3,27235432,1100000007127742,2022-01-18T10:34:55,9012.3,10
,ICICIBANK,INE090A01021,2022-01-18,NSE,EQ,EQ,buy,False,29,819.3,27235656,1100000007127742,2022-01-18T10:34:56,23759.699999999997,10
,ICICIBANK,INE090A01021,2022-01-18,NSE,EQ,EQ,buy,False,2,819.3,27293541,1100000007127742,2022-01-18T10:38:51,1638.6,10
,ICICIBANK,INE090A01021,2022-01-18,NSE,EQ,EQ,buy,False,10,819.3,27293654,1100000007127742,2022-01-18T10:38:52,8193.0,10
,ADANIPORTS,INE742F01042,2022-01-18,NSE,EQ,EQ,buy,False,39,783.7,2119344,1000000007965099,2022-01-18T10:56:51,30564.300000000003,10
,ADANIPORTS,INE742F01042,2022-01-18,NSE,EQ,EQ,sell,False,5,785.0,2197844,1000000008103800,2022-01-18T11:03:51,3925.0,11
,ADANIPORTS,INE742F01042,2022-01-18,NSE,EQ,EQ,sell,False,34,785.0,2197845,1000000008103800,2022-01-18T11:03:51,26690.0,11
,BPCL,INE029A01011,2022-01-18,NSE,EQ,EQ,sell,False,51,405.9,2511086,1000000009362553,2022-01-18T11:32:46,20700.899999999998,11
,BPCL,INE029A01011,2022-01-18,NSE,EQ,EQ,sell,False,11,405.9,2511102,1000000009362553,2022-01-18T11:32:46,4464.9,11
,BPCL,INE029A01011,2022-01-18,NSE,EQ,EQ,sell,False,228,405.9,2511105,1000000009362553,2022-01-18T11:32:46,92545.2,11
,BPCL,INE029A01011,2022-01-18,NSE,EQ,EQ,buy,False,290,404.5,3120532,1000000009484931,2022-01-18T12:39:53,117305.0,12
,CHOLAFIN,INE121A01024,2022-01-18,NSE,EQ,EQ,sell,False,190,618.9,3280329,1000000012170044,2022-01-18T12:56:16,117591.0,12
,CHOLAFIN,INE121A01024,2022-01-18,NSE,EQ,EQ,buy,False,190,617.0,3310120,1000000012241106,2022-01-18T12:59:47,117230.0,12
,IGL,INE203G01027,2022-01-18,NSE,EQ,EQ,sell,False,255,459.7,29223234,1100000014144865,2022-01-18T13:15:31,117223.5,13
,IGL,INE203G01027,2022-01-18,NSE,EQ,EQ,buy,False,255,458.0,29354471,1100000014343018,2022-01-18T13:24:49,116790.0,13
,ICICIBANK,INE090A01021,2022-01-18,NSE,EQ,EQ,sell,False,4,835.3,29475472,1100000015057049,2022-01-18T13:34:10,3341.2,13
,ICICIBANK,INE090A01021,2022-01-18,NSE,EQ,EQ,sell,False,138,835.3,29475473,1100000015057049,2022-01-18T13:34:10,115271.4,13
,ICICIBANK,INE090A01021,2022-01-18,NSE,EQ,EQ,buy,False,142,834.8,29490354,1100000015176295,2022-01-18T13:35:18,118541.59999999999,13
,BANKBARODA,INE028A01039,2022-01-18,NSE,EQ,EQ,sell,False,1245,95.2,3937995,1000000014337133,2022-01-18T13:56:32,118524.0,13
,JSWSTEEL,INE019A01038,2022-01-18,NSE,EQ,EQ,buy,False,51,687.5,54446090,1200000006665260,2022-01-18T14:03:26,35062.5,14
,JSWSTEEL,INE019A01038,2022-01-18,NSE,EQ,EQ,buy,False,49,687.5,54446092,1200000006665260,2022-01-18T14:03:26,33687.5,14
,JSWSTEEL,INE019A01038,2022-01-18,NSE,EQ,EQ,buy,False,80,687.5,54446091,1200000006665260,2022-01-18T14:03:26,55000.0,14
,AMBUJACEM,INE079A01024,2022-01-18,NSE,EQ,EQ,sell,False,10,390.5,4150893,1000000015973369,2022-01-18T14:17:02,3905.0,14
,AMBUJACEM,INE079A01024,2022-01-18,NSE,EQ,EQ,sell,False,305,390.55,4150892,1000000015973369,2022-01-18T14:17:02,119117.75,14
,AMBUJACEM,INE079A01024,2022-01-18,NSE,EQ,EQ,buy,False,277,389.8,4200189,1000000015992101,2022-01-18T14:21:21,107974.6,14
,AMBUJACEM,INE079A01024,2022-01-18,NSE,EQ,EQ,buy,False,38,389.8,4200190,1000000015992101,2022-01-18T14:21:21,14812.4,14
,ITC,INE154A01025,2022-01-18,NSE,EQ,EQ,sell,False,10,222.35,30315929,1100000017898312,2022-01-18T14:30:31,2223.5,14
,ITC,INE154A01025,2022-01-18,NSE,EQ,EQ,sell,False,442,222.35,30315781,1100000017898312,2022-01-18T14:30:31,98278.7,14
,ITC,INE154A01025,2022-01-18,NSE,EQ,EQ,sell,False,2,222.35,30316149,1100000017898312,2022-01-18T14:30:32,444.7,14
,ITC,INE154A01025,2022-01-18,NSE,EQ,EQ,sell,False,21,222.35,30316304,1100000017898312,2022-01-18T14:30:33,4669.349999999999,14
,ITC,INE154A01025,2022-01-18,NSE,EQ,EQ,sell,False,18,222.35,30317128,1100000017898312,2022-01-18T14:30:36,4002.2999999999997,14
,ITC,INE154A01025,2022-01-18,NSE,EQ,EQ,sell,False,9,222.35,30317215,1100000017898312,2022-01-18T14:30:36,2001.1499999999999,14
,ITC,INE154A01025,2022-01-18,NSE,EQ,EQ,sell,False,35,222.35,30317221,1100000017898312,2022-01-18T14:30:36,7782.25,14
,ITC,INE154A01025,2022-01-18,NSE,EQ,EQ,sell,False,23,222.35,30317287,1100000017898312,2022-01-18T14:30:36,5114.05,14
,BANKBARODA,INE028A01039,2022-01-18,NSE,EQ,EQ,buy,False,1245,93.8,4696051,1000000015052720,2022-01-18T14:51:04,116781.0,14
,ITC,INE154A01025,2022-01-18,NSE,EQ,EQ,buy,False,60,220.85,31228650,1100000017945396,2022-01-18T15:04:48,13251.0,15
,ITC,INE154A01025,2022-01-18,NSE,EQ,EQ,buy,False,100,220.85,31229181,1100000017945396,2022-01-18T15:04:49,22085.0,15
,ITC,INE154A01025,2022-01-18,NSE,EQ,EQ,buy,False,50,220.85,31229565,1100000017945396,2022-01-18T15:04:49,11042.5,15
,ITC,INE154A01025,2022-01-18,NSE,EQ,EQ,buy,False,350,220.85,31230065,1100000017945396,2022-01-18T15:04:50,77297.5,15
,ADANIPORTS,INE742F01042,2022-01-19,NSE,EQ,EQ,sell,False,165,750.6,1690528,1000000006982372,2022-01-19T10:27:45,123849.0,10
,CHOLAFIN,INE121A01024,2022-01-19,NSE,EQ,EQ,buy,False,200,604.05,1768166,1000000007513389,2022-01-19T10:33:40,120809.99999999999,10
,ADANIPORTS,INE742F01042,2022-01-19,NSE,EQ,EQ,buy,False,165,746.8,1838203,1000000007172006,2022-01-19T10:39:51,123221.99999999999,10
,ONGC,INE213A01029,2022-01-19,NSE,EQ,EQ,sell,False,740,167.85,52440331,1200000009608741,2022-01-19T11:04:58,124209.0,11
,CHOLAFIN,INE121A01024,2022-01-19,NSE,EQ,EQ,sell,False,33,603.2,4025452,1000000018076194,2022-01-19T14:13:34,19905.600000000002,14
,CHOLAFIN,INE121A01024,2022-01-19,NSE,EQ,EQ,sell,False,77,603.25,4025447,1000000018076194,2022-01-19T14:13:34,46450.25,14
,CHOLAFIN,INE121A01024,2022-01-19,NSE,EQ,EQ,sell,False,9,603.25,4025448,1000000018076194,2022-01-19T14:13:34,5429.25,14
,CHOLAFIN,INE121A01024,2022-01-19,NSE,EQ,EQ,sell,False,67,603.25,4025449,1000000018076194,2022-01-19T14:13:34,40417.75,14
,CHOLAFIN,INE121A01024,2022-01-19,NSE,EQ,EQ,sell,False,2,603.2,4025450,1000000018076194,2022-01-19T14:13:34,1206.4,14
,CHOLAFIN,INE121A01024,2022-01-19,NSE,EQ,EQ,sell,False,12,603.2,4025451,1000000018076194,2022-01-19T14:13:34,7238.400000000001,14
,CHOLAFIN,INE121A01024,2022-01-19,NSE,EQ,EQ,sell,False,200,604.55,4063697,1000000007581250,2022-01-19T14:15:59,120909.99999999999,14
,CHOLAFIN,INE121A01024,2022-01-19,NSE,EQ,EQ,buy,False,15,604.65,4105839,1000000018390499,2022-01-19T14:19:24,9069.75,14
,CHOLAFIN,INE121A01024,2022-01-19,NSE,EQ,EQ,buy,False,28,604.65,4105838,1000000018390499,2022-01-19T14:19:24,16930.2,14
,CHOLAFIN,INE121A01024,2022-01-19,NSE,EQ,EQ,buy,False,30,604.7,4105841,1000000018390499,2022-01-19T14:19:24,18141.0,14
,CHOLAFIN,INE121A01024,2022-01-19,NSE,EQ,EQ,buy,False,106,604.75,4105842,1000000018390499,2022-01-19T14:19:24,64103.5,14
,CHOLAFIN,INE121A01024,2022-01-19,NSE,EQ,EQ,buy,False,4,604.6,4105837,1000000018390499,2022-01-19T14:19:24,2418.4,14
,CHOLAFIN,INE121A01024,2022-01-19,NSE,EQ,EQ,buy,False,17,604.65,4105840,1000000018390499,2022-01-19T14:19:24,10279.05,14
,BANDHANBNK,INE545U01014,2022-01-19,NSE,EQ,EQ,buy,False,399,303.45,4267532,1000000019059347,2022-01-19T14:32:27,121076.54999999999,14
,BANDHANBNK,INE545U01014,2022-01-19,NSE,EQ,EQ,buy,False,1,303.45,4267610,1000000019059347,2022-01-19T14:32:27,303.45,14
,BANDHANBNK,INE545U01014,2022-01-19,NSE,EQ,EQ,sell,False,400,304.0,4322783,1000000019098495,2022-01-19T14:36:50,121600.0,14
,PNB,INE160A01022,2022-01-19,NSE,EQ,EQ,sell,False,3125,40.0,55151040,1200000020594192,2022-01-19T14:45:03,125000.0,14
,ONGC,INE213A01029,2022-01-19,NSE,EQ,EQ,buy,False,740,169.85,55548812,1200000021828700,2022-01-19T15:08:41,125689.0,15
,PNB,INE160A01022,2022-01-19,NSE,EQ,EQ,buy,False,3125,39.95,55842717,1200000022437614,2022-01-19T15:20:50,124843.75000000001,15
,POWERGRID,INE752E01010,2022-01-20,NSE,EQ,EQ,sell,False,590,210.15,50839868,1200000002891005,2022-01-20T09:36:14,123988.5,9
,POWERGRID,INE752E01010,2022-01-20,NSE,EQ,EQ,buy,False,590,210.2,50848584,1200000002927401,2022-01-20T09:36:33,124018.0,9
,COALINDIA,INE522F01014,2022-01-20,NSE,EQ,EQ,sell,False,740,167.05,629408,1000000002613654,2022-01-20T09:38:23,123617.00000000001,9
,FEDERALBNK,INE171A01029,2022-01-20,NSE,EQ,EQ,buy,False,1250,98.85,25914576,1100000003359062,2022-01-20T09:46:39,123562.5,9
,COALINDIA,INE522F01014,2022-01-20,NSE,EQ,EQ,buy,False,278,166.45,903129,1000000002675515,2022-01-20T09:53:27,46273.1,9
,COALINDIA,INE522F01014,2022-01-20,NSE,EQ,EQ,buy,False,462,166.45,903199,1000000002675515,2022-01-20T09:53:27,76899.9,9
,POWERGRID,INE752E01010,2022-01-20,NSE,EQ,EQ,sell,False,589,211.6,52029200,1200000007540616,2022-01-20T10:41:08,124632.4,10
,FEDERALBNK,INE171A01029,2022-01-20,NSE,EQ,EQ,sell,False,10,98.0,26773598,1100000006649257,2022-01-20T10:44:05,980.0,10
,FEDERALBNK,INE171A01029,2022-01-20,NSE,EQ,EQ,sell,False,10,98.0,26773600,1100000006649257,2022-01-20T10:44:05,980.0,10
,FEDERALBNK,INE171A01029,2022-01-20,NSE,EQ,EQ,sell,False,5,98.0,26773601,1100000006649257,2022-01-20T10:44:05,490.0,10
,FEDERALBNK,INE171A01029,2022-01-20,NSE,EQ,EQ,sell,False,26,98.0,26773604,1100000006649257,2022-01-20T10:44:05,2548.0,10
,FEDERALBNK,INE171A01029,2022-01-20,NSE,EQ,EQ,sell,False,200,98.0,26773603,1100000006649257,2022-01-20T10:44:05,19600.0,10
,FEDERALBNK,INE171A01029,2022-01-20,NSE,EQ,EQ,sell,False,10,98.0,26773602,1100000006649257,2022-01-20T10:44:05,980.0,10
,FEDERALBNK,INE171A01029,2022-01-20,NSE,EQ,EQ,sell,False,7,98.0,26773599,1100000006649257,2022-01-20T10:44:05,686.0,10
,FEDERALBNK,INE171A01029,2022-01-20,NSE,EQ,EQ,sell,False,142,98.0,26773591,1100000006649257,2022-01-20T10:44:05,13916.0,10
,FEDERALBNK,INE171A01029,2022-01-20,NSE,EQ,EQ,sell,False,5,98.0,26773592,1100000006649257,2022-01-20T10:44:05,490.0,10
,FEDERALBNK,INE171A01029,2022-01-20,NSE,EQ,EQ,sell,False,10,98.0,26773593,1100000006649257,2022-01-20T10:44:05,980.0,10
,FEDERALBNK,INE171A01029,2022-01-20,NSE,EQ,EQ,sell,False,25,98.0,26773594,1100000006649257,2022-01-20T10:44:05,2450.0,10
,FEDERALBNK,INE171A01029,2022-01-20,NSE,EQ,EQ,sell,False,500,98.0,26773595,1100000006649257,2022-01-20T10:44:05,49000.0,10
,FEDERALBNK,INE171A01029,2022-01-20,NSE,EQ,EQ,sell,False,50,98.0,26773596,1100000006649257,2022-01-20T10:44:05,4900.0,10
,FEDERALBNK,INE171A01029,2022-01-20,NSE,EQ,EQ,sell,False,250,98.0,26773597,1100000006649257,2022-01-20T10:44:05,24500.0,10
,BHARTIARTL,INE397D01024,2022-01-20,NSE,EQ,EQ,sell,False,1,710.15,1667348,1000000007248788,2022-01-20T10:54:36,710.15,10
,BHARTIARTL,INE397D01024,2022-01-20,NSE,EQ,EQ,sell,False,1,710.15,1667440,1000000007248788,2022-01-20T10:54:37,710.15,10
,BHARTIARTL,INE397D01024,2022-01-20,NSE,EQ,EQ,sell,False,80,710.15,1667401,1000000007248788,2022-01-20T10:54:37,56812.0,10
,BHARTIARTL,INE397D01024,2022-01-20,NSE,EQ,EQ,sell,False,1,710.15,1667454,1000000007248788,2022-01-20T10:54:37,710.15,10
,BHARTIARTL,INE397D01024,2022-01-20,NSE,EQ,EQ,sell,False,1,710.15,1667885,1000000007248788,2022-01-20T10:54:40,710.15,10
,BHARTIARTL,INE397D01024,2022-01-20,NSE,EQ,EQ,sell,False,89,710.15,1668036,1000000007248788,2022-01-20T10:54:41,63203.35,10
,BHARTIARTL,INE397D01024,2022-01-20,NSE,EQ,EQ,sell,False,2,710.15,1667970,1000000007248788,2022-01-20T10:54:41,1420.3,10
,POWERGRID,INE752E01010,2022-01-20,NSE,EQ,EQ,buy,False,148,211.45,52964177,1200000011697321,2022-01-20T12:00:28,31294.6,12
,POWERGRID,INE752E01010,2022-01-20,NSE,EQ,EQ,buy,False,25,211.4,52964174,1200000011697321,2022-01-20T12:00:28,5285.0,12
,POWERGRID,INE752E01010,2022-01-20,NSE,EQ,EQ,buy,False,264,211.45,52964175,1200000011697321,2022-01-20T12:00:28,55822.799999999996,12
,POWERGRID,INE752E01010,2022-01-20,NSE,EQ,EQ,buy,False,47,211.45,52964176,1200000011697321,2022-01-20T12:00:28,9938.15,12
,POWERGRID,INE752E01010,2022-01-20,NSE,EQ,EQ,buy,False,95,211.4,52964172,1200000011697321,2022-01-20T12:00:28,20083.0,12
,POWERGRID,INE752E01010,2022-01-20,NSE,EQ,EQ,buy,False,10,211.4,52964173,1200000011697321,2022-01-20T12:00:28,2114.0,12
,SBIN,INE062A01020,2022-01-20,NSE,EQ,EQ,buy,False,240,516.5,78471465,1300000013210537,2022-01-20T12:29:40,123960.0,12
,BHARTIARTL,INE397D01024,2022-01-20,NSE,EQ,EQ,buy,False,14,709.6,3873097,1000000007264591,2022-01-20T14:27:13,9934.4,14
,BHARTIARTL,INE397D01024,2022-01-20,NSE,EQ,EQ,buy,False,48,709.6,3873122,1000000007264591,2022-01-20T14:27:13,34060.8,14
,BHARTIARTL,INE397D01024,2022-01-20,NSE,EQ,EQ,buy,False,113,709.6,3873267,1000000007264591,2022-01-20T14:27:14,80184.8,14
,SBIN,INE062A01020,2022-01-20,NSE,EQ,EQ,sell,False,240,512.5,80805577,1300000022210811,2022-01-20T15:10:38,123000.0,15
,BANKBARODA,INE028A01039,2022-01-21,NSE,EQ,EQ,sell,False,997,94.8,813356,1000000003502810,2022-01-21T09:44:48,94515.59999999999,9
,BANKBARODA,INE028A01039,2022-01-21,NSE,EQ,EQ,sell,False,253,94.8,813357,1000000003502810,2022-01-21T09:44:48,23984.399999999998,9
,MARUTI,INE585B01010,2022-01-21,NSE,EQ,EQ,buy,False,13,8086.4,51129828,1200000004234519,2022-01-21T09:49:34,105123.2,9
,MARUTI,INE585B01010,2022-01-21,NSE,EQ,EQ,sell,False,13,8087.7,51148025,1200000004287606,2022-01-21T09:50:24,105140.09999999999,9
,BANKBARODA,INE028A01039,2022-01-21,NSE,EQ,EQ,buy,False,324,94.7,944037,1000000004076800,2022-01-21T09:52:06,30682.8,9
,BANKBARODA,INE028A01039,2022-01-21,NSE,EQ,EQ,buy,False,649,94.7,944038,1000000004076800,2022-01-21T09:52:06,61460.3,9
,BANKBARODA,INE028A01039,2022-01-21,NSE,EQ,EQ,buy,False,277,94.7,944036,1000000004076800,2022-01-21T09:52:06,26231.9,9
,EICHERMOT,INE066A01021,2022-01-21,NSE,EQ,EQ,sell,False,19,2731.1,26232576,1100000004657513,2022-01-21T09:57:42,51890.9,9
,EICHERMOT,INE066A01021,2022-01-21,NSE,EQ,EQ,sell,False,10,2731.1,26232577,1100000004657513,2022-01-21T09:57:42,27311.0,9
,EICHERMOT,INE066A01021,2022-01-21,NSE,EQ,EQ,sell,False,9,2731.1,26232578,1100000004657513,2022-01-21T09:57:42,24579.899999999998,9
,EICHERMOT,INE066A01021,2022-01-21,NSE,EQ,EQ,sell,False,4,2731.05,26232579,1100000004657513,2022-01-21T09:57:42,10924.2,9
,IGL,INE203G01027,2022-01-21,NSE,EQ,EQ,sell,False,1,429.05,26330780,1100000005061346,2022-01-21T10:03:39,429.05,10
,IGL,INE203G01027,2022-01-21,NSE,EQ,EQ,sell,False,2,429.05,26330781,1100000005061346,2022-01-21T10:03:39,858.1,10
,IGL,INE203G01027,2022-01-21,NSE,EQ,EQ,sell,False,119,429.05,26330782,1100000005061346,2022-01-21T10:03:39,51056.950000000004,10
,IGL,INE203G01027,2022-01-21,NSE,EQ,EQ,sell,False,1,429.05,26330772,1100000005061346,2022-01-21T10:03:39,429.05,10
,IGL,INE203G01027,2022-01-21,NSE,EQ,EQ,sell,False,5,429.05,26330773,1100000005061346,2022-01-21T10:03:39,2145.25,10
,IGL,INE203G01027,2022-01-21,NSE,EQ,EQ,sell,False,1,429.05,26330774,1100000005061346,2022-01-21T10:03:39,429.05,10
,IGL,INE203G01027,2022-01-21,NSE,EQ,EQ,sell,False,10,429.05,26330775,1100000005061346,2022-01-21T10:03:39,4290.5,10
,IGL,INE203G01027,2022-01-21,NSE,EQ,EQ,sell,False,1,429.05,26330776,1100000005061346,2022-01-21T10:03:39,429.05,10
,IGL,INE203G01027,2022-01-21,NSE,EQ,EQ,sell,False,2,429.05,26330777,1100000005061346,2022-01-21T10:03:39,858.1,10
,IGL,INE203G01027,2022-01-21,NSE,EQ,EQ,sell,False,68,429.1,26330771,1100000005061346,2022-01-21T10:03:39,29178.800000000003,10
,IGL,INE203G01027,2022-01-21,NSE,EQ,EQ,sell,False,50,429.05,26330778,1100000005061346,2022-01-21T10:03:39,21452.5,10
,IGL,INE203G01027,2022-01-21,NSE,EQ,EQ,sell,False,10,429.05,26330779,1100000005061346,2022-01-21T10:03:39,4290.5,10
,IGL,INE203G01027,2022-01-21,NSE,EQ,EQ,buy,False,15,426.7,26853362,1100000005105783,2022-01-21T10:34:48,6400.5,10
,IGL,INE203G01027,2022-01-21,NSE,EQ,EQ,buy,False,200,425.75,27349195,1100000009094536,2022-01-21T11:07:36,85150.0,11
,IGL,INE203G01027,2022-01-21,NSE,EQ,EQ,buy,False,12,425.75,27349197,1100000009094536,2022-01-21T11:07:36,5109.0,11
,IGL,INE203G01027,2022-01-21,NSE,EQ,EQ,buy,False,19,425.75,27349196,1100000009094536,2022-01-21T11:07:36,8089.25,11
,IGL,INE203G01027,2022-01-21,NSE,EQ,EQ,buy,False,24,425.75,27349194,1100000009094536,2022-01-21T11:07:36,10218.0,11
,HINDUNILVR,INE030A01027,2022-01-21,NSE,EQ,EQ,sell,False,50,2300.0,27579993,1100000010054701,2022-01-21T11:26:58,115000.0,11
,HINDUNILVR,INE030A01027,2022-01-21,NSE,EQ,EQ,buy,False,1,2281.05,27961433,1100000011608278,2022-01-21T12:00:38,2281.05,12
,HINDUNILVR,INE030A01027,2022-01-21,NSE,EQ,EQ,buy,False,21,2281.05,27961432,1100000011608278,2022-01-21T12:00:38,47902.05,12
,HINDUNILVR,INE030A01027,2022-01-21,NSE,EQ,EQ,buy,False,28,2281.05,27961431,1100000011608278,2022-01-21T12:00:38,63869.40000000001,12
,BERGEPAINT,INE463A01038,2022-01-21,NSE,EQ,EQ,buy,False,34,749.85,2558085,1000000011497004,2022-01-21T12:09:23,25494.9,12
,BERGEPAINT,INE463A01038,2022-01-21,NSE,EQ,EQ,buy,False,13,749.85,2558086,1000000011497004,2022-01-21T12:09:23,9748.050000000001,12
,BERGEPAINT,INE463A01038,2022-01-21,NSE,EQ,EQ,buy,False,108,749.85,2558250,1000000011497004,2022-01-21T12:09:24,80983.8,12
,BERGEPAINT,INE463A01038,2022-01-21,NSE,EQ,EQ,sell,False,155,750.5,2608700,1000000011518598,2022-01-21T12:15:31,116327.5,12
,HDFC,INE001A01036,2022-01-21,NSE,EQ,EQ,buy,False,45,2590.0,28194265,1100000012571559,2022-01-21T12:23:24,116550.0,12
,HDFC,INE001A01036,2022-01-21,NSE,EQ,EQ,sell,False,45,2592.0,28260171,1100000012592497,2022-01-21T12:29:19,116640.0,12
,EICHERMOT,INE066A01021,2022-01-21,NSE,EQ,EQ,buy,False,42,2729.0,28283331,1100000004841942,2022-01-21T12:31:13,114618.0,12
,ONGC,INE213A01029,2022-01-21,NSE,EQ,EQ,sell,False,730,163.75,53615069,1200000015645850,2022-01-21T12:59:25,119537.5,12
,HINDALCO,INE038A01020,2022-01-21,NSE,EQ,EQ,sell,False,168,510.8,28655980,1100000014459808,2022-01-21T13:07:32,85814.40000000001,13
,HINDALCO,INE038A01020,2022-01-21,NSE,EQ,EQ,sell,False,62,510.8,28656039,1100000014459808,2022-01-21T13:07:33,31669.600000000002,13
,ONGC,INE213A01029,2022-01-21,NSE,EQ,EQ,buy,False,24,163.5,54135910,1200000018039065,2022-01-21T13:39:48,3924.0,13
,ONGC,INE213A01029,2022-01-21,NSE,EQ,EQ,buy,False,147,163.5,54135915,1200000018039065,2022-01-21T13:39:48,24034.5,13
,ONGC,INE213A01029,2022-01-21,NSE,EQ,EQ,buy,False,223,163.5,54135914,1200000018039065,2022-01-21T13:39:48,36460.5,13
,ONGC,INE213A01029,2022-01-21,NSE,EQ,EQ,buy,False,140,163.5,54135913,1200000018039065,2022-01-21T13:39:48,22890.0,13
,ONGC,INE213A01029,2022-01-21,NSE,EQ,EQ,buy,False,140,163.5,54135912,1200000018039065,2022-01-21T13:39:48,22890.0,13
,ONGC,INE213A01029,2022-01-21,NSE,EQ,EQ,buy,False,8,163.5,54135908,1200000018039065,2022-01-21T13:39:48,1308.0,13
,ONGC,INE213A01029,2022-01-21,NSE,EQ,EQ,buy,False,24,163.5,54135909,1200000018039065,2022-01-21T13:39:48,3924.0,13
,ONGC,INE213A01029,2022-01-21,NSE,EQ,EQ,buy,False,24,163.5,54135911,1200000018039065,2022-01-21T13:39:48,3924.0,13
,HINDALCO,INE038A01020,2022-01-21,NSE,EQ,EQ,buy,False,230,510.4,29597497,1100000014487179,2022-01-21T14:15:48,117392.0,14
,BANDHANBNK,INE545U01014,2022-01-21,NSE,EQ,EQ,sell,False,236,296.25,3907370,1000000017515256,2022-01-21T14:22:04,69915.0,14
,BANDHANBNK,INE545U01014,2022-01-21,NSE,EQ,EQ,sell,False,37,296.25,3907369,1000000017515256,2022-01-21T14:22:04,10961.25,14
,BANDHANBNK,INE545U01014,2022-01-21,NSE,EQ,EQ,sell,False,15,296.25,3907367,1000000017515256,2022-01-21T14:22:04,4443.75,14
,BANDHANBNK,INE545U01014,2022-01-21,NSE,EQ,EQ,sell,False,62,296.25,3907366,1000000017515256,2022-01-21T14:22:04,18367.5,14
,BANDHANBNK,INE545U01014,2022-01-21,NSE,EQ,EQ,sell,False,50,296.25,3907368,1000000017515256,2022-01-21T14:22:04,14812.5,14
,BANDHANBNK,INE545U01014,2022-01-21,NSE,EQ,EQ,buy,False,400,295.0,3926426,1000000017551148,2022-01-21T14:23:10,118000.0,14
,SBIN,INE062A01020,2022-01-21,NSE,EQ,EQ,sell,False,230,501.2,80750461,1300000021365802,2022-01-21T14:24:04,115276.0,14
,AUROPHARMA,INE406A01037,2022-01-21,NSE,EQ,EQ,sell,False,8,654.1,4010166,1000000017914948,2022-01-21T14:27:20,5232.8,14
,AUROPHARMA,INE406A01037,2022-01-21,NSE,EQ,EQ,sell,False,18,654.1,4011256,1000000017914948,2022-01-21T14:27:25,11773.800000000001,14
,AUROPHARMA,INE406A01037,2022-01-21,NSE,EQ,EQ,sell,False,50,654.1,4011602,1000000017914948,2022-01-21T14:27:27,32705.0,14
,AUROPHARMA,INE406A01037,2022-01-21,NSE,EQ,EQ,sell,False,10,654.1,4011953,1000000017914948,2022-01-21T14:27:28,6541.0,14
,AUROPHARMA,INE406A01037,2022-01-21,NSE,EQ,EQ,sell,False,10,654.1,4012858,1000000017914948,2022-01-21T14:27:31,6541.0,14
,AUROPHARMA,INE406A01037,2022-01-21,NSE,EQ,EQ,sell,False,5,654.1,4013033,1000000017914948,2022-01-21T14:27:32,3270.5,14
,AUROPHARMA,INE406A01037,2022-01-21,NSE,EQ,EQ,sell,False,27,654.1,4013007,1000000017914948,2022-01-21T14:27:32,17660.7,14
,AUROPHARMA,INE406A01037,2022-01-21,NSE,EQ,EQ,sell,False,62,654.1,4013457,1000000017914948,2022-01-21T14:27:34,40554.200000000004,14
,AUROPHARMA,INE406A01037,2022-01-21,NSE,EQ,EQ,buy,False,41,652.55,4506496,1000000019888958,2022-01-21T14:52:52,26754.55,14
,AUROPHARMA,INE406A01037,2022-01-21,NSE,EQ,EQ,buy,False,66,652.5,4506491,1000000019888958,2022-01-21T14:52:52,43065.0,14
,AUROPHARMA,INE406A01037,2022-01-21,NSE,EQ,EQ,buy,False,10,652.5,4506492,1000000019888958,2022-01-21T14:52:52,6525.0,14
,AUROPHARMA,INE406A01037,2022-01-21,NSE,EQ,EQ,buy,False,44,652.55,4506493,1000000019888958,2022-01-21T14:52:52,28712.199999999997,14
,AUROPHARMA,INE406A01037,2022-01-21,NSE,EQ,EQ,buy,False,14,652.55,4506494,1000000019888958,2022-01-21T14:52:52,9135.699999999999,14
,AUROPHARMA,INE406A01037,2022-01-21,NSE,EQ,EQ,buy,False,15,652.55,4506495,1000000019888958,2022-01-21T14:52:52,9788.25,14
,SBIN,INE062A01020,2022-01-21,NSE,EQ,EQ,buy,False,1,499.7,81535238,1300000023887962,2022-01-21T14:53:01,499.7,14
,SBIN,INE062A01020,2022-01-21,NSE,EQ,EQ,buy,False,12,499.7,81535237,1300000023887962,2022-01-21T14:53:01,5996.4,14
,SBIN,INE062A01020,2022-01-21,NSE,EQ,EQ,buy,False,4,499.7,81535239,1300000023887962,2022-01-21T14:53:01,1998.8,14
,SBIN,INE062A01020,2022-01-21,NSE,EQ,EQ,buy,False,53,499.7,81535240,1300000023887962,2022-01-21T14:53:01,26484.1,14
,SBIN,INE062A01020,2022-01-21,NSE,EQ,EQ,buy,False,27,499.7,81535241,1300000023887962,2022-01-21T14:53:01,13491.9,14
,SBIN,INE062A01020,2022-01-21,NSE,EQ,EQ,buy,False,61,499.7,81535242,1300000023887962,2022-01-21T14:53:01,30481.7,14
,SBIN,INE062A01020,2022-01-21,NSE,EQ,EQ,buy,False,69,499.7,81535243,1300000023887962,2022-01-21T14:53:01,34479.299999999996,14
,SBIN,INE062A01020,2022-01-21,NSE,EQ,EQ,buy,False,1,499.7,81535244,1300000023887962,2022-01-21T14:53:01,499.7,14
,SBIN,INE062A01020,2022-01-21,NSE,EQ,EQ,buy,False,2,499.7,81535245,1300000023887962,2022-01-21T14:53:01,999.4,14
,BANDHANBNK,INE545U01014,2022-01-24,NSE,EQ,EQ,sell,False,400,301.7,1848269,1000000008081141,2022-01-24T10:31:17,120680.0,10
,NTPC,INE733E01010,2022-01-24,NSE,EQ,EQ,buy,False,126,135.0,52507151,1200000009487162,2022-01-24T10:46:15,17010.0,10
,NTPC,INE733E01010,2022-01-24,NSE,EQ,EQ,buy,False,60,135.0,52507153,1200000009487162,2022-01-24T10:46:15,8100.0,10
,NTPC,INE733E01010,2022-01-24,NSE,EQ,EQ,buy,False,714,135.0,52507152,1200000009487162,2022-01-24T10:46:15,96390.0,10
,BANDHANBNK,INE545U01014,2022-01-24,NSE,EQ,EQ,buy,False,400,302.0,2184333,1000000009742474,2022-01-24T10:54:59,120800.0,10
,NTPC,INE733E01010,2022-01-24,NSE,EQ,EQ,sell,False,900,134.7,52669106,1200000010127933,2022-01-24T10:55:58,121229.99999999999,10
,NTPC,INE733E01010,2022-01-24,NSE,EQ,EQ,sell,False,238,133.8,52939872,1200000011143872,2022-01-24T11:12:31,31844.4,11
,NTPC,INE733E01010,2022-01-24,NSE,EQ,EQ,sell,False,542,133.8,52939875,1200000011143872,2022-01-24T11:12:31,72519.6,11
,NTPC,INE733E01010,2022-01-24,NSE,EQ,EQ,sell,False,60,133.8,52939874,1200000011143872,2022-01-24T11:12:31,8028.000000000001,11
,NTPC,INE733E01010,2022-01-24,NSE,EQ,EQ,sell,False,60,133.8,52939873,1200000011143872,2022-01-24T11:12:31,8028.000000000001,11
,NTPC,INE733E01010,2022-01-24,NSE,EQ,EQ,buy,False,2,133.85,52951225,1200000011265229,2022-01-24T11:13:09,267.7,11
,NTPC,INE733E01010,2022-01-24,NSE,EQ,EQ,buy,False,723,133.85,52951223,1200000011265229,2022-01-24T11:13:09,96773.55,11
,NTPC,INE733E01010,2022-01-24,NSE,EQ,EQ,buy,False,36,133.85,52951224,1200000011265229,2022-01-24T11:13:09,4818.599999999999,11
,NTPC,INE733E01010,2022-01-24,NSE,EQ,EQ,buy,False,132,133.85,52951226,1200000011265229,2022-01-24T11:13:09,17668.2,11
,NTPC,INE733E01010,2022-01-24,NSE,EQ,EQ,buy,False,7,133.85,52951227,1200000011265229,2022-01-24T11:13:09,936.9499999999999,11
,PNB,INE160A01022,2022-01-24,NSE,EQ,EQ,sell,False,1615,38.4,52981982,1200000011313284,2022-01-24T11:15:02,62016.0,11
,PNB,INE160A01022,2022-01-24,NSE,EQ,EQ,sell,False,1385,38.4,52981983,1200000011313284,2022-01-24T11:15:02,53184.0,11
,BHARTIARTL,INE397D01024,2022-01-24,NSE,EQ,EQ,buy,False,169,703.1,2554600,1000000011681308,2022-01-24T11:24:25,118823.90000000001,11
,BHARTIARTL,INE397D01024,2022-01-24,NSE,EQ,EQ,buy,False,6,703.1,2554840,1000000011681308,2022-01-24T11:24:27,4218.6,11
,PNB,INE160A01022,2022-01-24,NSE,EQ,EQ,buy,False,3000,38.55,53131694,1200000012022196,2022-01-24T11:25:21,115649.99999999999,11
,BHARTIARTL,INE397D01024,2022-01-24,NSE,EQ,EQ,sell,False,175,702.55,2600944,1000000011938305,2022-01-24T11:28:42,122946.24999999999,11
,ONGC,INE213A01029,2022-01-31,NSE,EQ,EQ,buy,False,450,174.3,50505441,1200000001377667,2022-01-31T09:23:46,78435.0,9
,ONGC,INE213A01029,2022-01-31,NSE,EQ,EQ,sell,False,363,173.1,50787070,1200000002790419,2022-01-31T09:32:48,62835.299999999996,9
,ONGC,INE213A01029,2022-01-31,NSE,EQ,EQ,sell,False,80,173.1,50787068,1200000002790419,2022-01-31T09:32:48,13848.0,9
,ONGC,INE213A01029,2022-01-31,NSE,EQ,EQ,sell,False,7,173.1,50787069,1200000002790419,2022-01-31T09:32:48,1211.7,9
,UPL,INE628A01036,2022-01-31,NSE,EQ,EQ,sell,False,90,806.0,75956114,1300000003525091,2022-01-31T09:37:00,72540.0,9
,UPL,INE628A01036,2022-01-31,NSE,EQ,EQ,buy,False,6,808.55,76181338,1300000004467984,2022-01-31T09:47:20,4851.299999999999,9
,UPL,INE628A01036,2022-01-31,NSE,EQ,EQ,buy,False,60,808.6,76181339,1300000004467984,2022-01-31T09:47:20,48516.0,9
,UPL,INE628A01036,2022-01-31,NSE,EQ,EQ,buy,False,10,808.6,76181340,1300000004467984,2022-01-31T09:47:20,8086.0,9
,UPL,INE628A01036,2022-01-31,NSE,EQ,EQ,buy,False,14,808.6,76181341,1300000004467984,2022-01-31T09:47:20,11320.4,9
,ICICIPRULI,INE726G01019,2022-01-31,NSE,EQ,EQ,buy,False,135,553.45,26191585,1100000004438316,2022-01-31T09:53:16,74715.75,9
,VEDL,INE205A01025,2022-01-31,NSE,EQ,EQ,sell,False,84,321.1,76756309,1300000006844828,2022-01-31T10:18:50,26972.4,10
,VEDL,INE205A01025,2022-01-31,NSE,EQ,EQ,sell,False,136,321.1,76756612,1300000006844828,2022-01-31T10:18:51,43669.600000000006,10
,ICICIPRULI,INE726G01019,2022-01-31,NSE,EQ,EQ,sell,False,32,558.3,26841358,1100000005560456,2022-01-31T10:32:26,17865.6,10
,ICICIPRULI,INE726G01019,2022-01-31,NSE,EQ,EQ,sell,False,53,558.3,26841360,1100000005560456,2022-01-31T10:32:26,29589.899999999998,10
,ICICIPRULI,INE726G01019,2022-01-31,NSE,EQ,EQ,sell,False,50,558.3,26841359,1100000005560456,2022-01-31T10:32:26,27914.999999999996,10
,VEDL,INE205A01025,2022-01-31,NSE,EQ,EQ,buy,False,138,316.4,77116288,1300000006890691,2022-01-31T10:43:06,43663.2,10
,VEDL,INE205A01025,2022-01-31,NSE,EQ,EQ,buy,False,82,316.4,77116247,1300000006890691,2022-01-31T10:43:06,25944.8,10
,AXISBANK,INE238A01034,2022-01-31,NSE,EQ,EQ,buy,False,90,774.3,2491717,1000000011086629,2022-01-31T12:08:31,69687.0,12
,AMBUJACEM,INE079A01024,2022-01-31,NSE,EQ,EQ,buy,False,200,366.0,2959277,1000000013154584,2022-01-31T12:56:08,73200.0,12
,AMBUJACEM,INE079A01024,2022-01-31,NSE,EQ,EQ,sell,False,3,365.0,3091399,1000000013167869,2022-01-31T13:10:27,1095.0,13
,AMBUJACEM,INE079A01024,2022-01-31,NSE,EQ,EQ,sell,False,3,365.0,3091375,1000000013167869,2022-01-31T13:10:27,1095.0,13
,AMBUJACEM,INE079A01024,2022-01-31,NSE,EQ,EQ,sell,False,7,365.0,3091376,1000000013167869,2022-01-31T13:10:27,2555.0,13
,AMBUJACEM,INE079A01024,2022-01-31,NSE,EQ,EQ,sell,False,1,365.0,3091377,1000000013167869,2022-01-31T13:10:27,365.0,13
,AMBUJACEM,INE079A01024,2022-01-31,NSE,EQ,EQ,sell,False,2,365.0,3091378,1000000013167869,2022-01-31T13:10:27,730.0,13
,AMBUJACEM,INE079A01024,2022-01-31,NSE,EQ,EQ,sell,False,3,365.0,3091379,1000000013167869,2022-01-31T13:10:27,1095.0,13
,AMBUJACEM,INE079A01024,2022-01-31,NSE,EQ,EQ,sell,False,1,365.0,3091380,1000000013167869,2022-01-31T13:10:27,365.0,13
,AMBUJACEM,INE079A01024,2022-01-31,NSE,EQ,EQ,sell,False,2,365.0,3091381,1000000013167869,2022-01-31T13:10:27,730.0,13
,AMBUJACEM,INE079A01024,2022-01-31,NSE,EQ,EQ,sell,False,3,365.0,3091382,1000000013167869,2022-01-31T13:10:27,1095.0,13
,AMBUJACEM,INE079A01024,2022-01-31,NSE,EQ,EQ,sell,False,1,365.0,3091383,1000000013167869,2022-01-31T13:10:27,365.0,13
,AMBUJACEM,INE079A01024,2022-01-31,NSE,EQ,EQ,sell,False,2,365.0,3091384,1000000013167869,2022-01-31T13:10:27,730.0,13
,AMBUJACEM,INE079A01024,2022-01-31,NSE,EQ,EQ,sell,False,3,365.0,3091385,1000000013167869,2022-01-31T13:10:27,1095.0,13
,AMBUJACEM,INE079A01024,2022-01-31,NSE,EQ,EQ,sell,False,1,365.0,3091386,1000000013167869,2022-01-31T13:10:27,365.0,13
,AMBUJACEM,INE079A01024,2022-01-31,NSE,EQ,EQ,sell,False,2,365.0,3091387,1000000013167869,2022-01-31T13:10:27,730.0,13
,AMBUJACEM,INE079A01024,2022-01-31,NSE,EQ,EQ,sell,False,3,365.0,3091388,1000000013167869,2022-01-31T13:10:27,1095.0,13
,AMBUJACEM,INE079A01024,2022-01-31,NSE,EQ,EQ,sell,False,1,365.0,3091389,1000000013167869,2022-01-31T13:10:27,365.0,13
,AMBUJACEM,INE079A01024,2022-01-31,NSE,EQ,EQ,sell,False,2,365.0,3091390,1000000013167869,2022-01-31T13:10:27,730.0,13
,AMBUJACEM,INE079A01024,2022-01-31,NSE,EQ,EQ,sell,False,3,365.0,3091391,1000000013167869,2022-01-31T13:10:27,1095.0,13
,AMBUJACEM,INE079A01024,2022-01-31,NSE,EQ,EQ,sell,False,1,365.0,3091392,1000000013167869,2022-01-31T13:10:27,365.0,13
,AMBUJACEM,INE079A01024,2022-01-31,NSE,EQ,EQ,sell,False,2,365.0,3091393,1000000013167869,2022-01-31T13:10:27,730.0,13
,AMBUJACEM,INE079A01024,2022-01-31,NSE,EQ,EQ,sell,False,3,365.0,3091394,1000000013167869,2022-01-31T13:10:27,1095.0,13
,AMBUJACEM,INE079A01024,2022-01-31,NSE,EQ,EQ,sell,False,1,365.0,3091395,1000000013167869,2022-01-31T13:10:27,365.0,13
,AMBUJACEM,INE079A01024,2022-01-31,NSE,EQ,EQ,sell,False,1,365.0,3091396,1000000013167869,2022-01-31T13:10:27,365.0,13
,AMBUJACEM,INE079A01024,2022-01-31,NSE,EQ,EQ,sell,False,3,365.0,3091397,1000000013167869,2022-01-31T13:10:27,1095.0,13
,AMBUJACEM,INE079A01024,2022-01-31,NSE,EQ,EQ,sell,False,1,365.0,3091398,1000000013167869,2022-01-31T13:10:27,365.0,13
,AMBUJACEM,INE079A01024,2022-01-31,NSE,EQ,EQ,sell,False,93,364.95,3091400,1000000013167869,2022-01-31T13:10:27,33940.35,13
,AMBUJACEM,INE079A01024,2022-01-31,NSE,EQ,EQ,sell,False,35,364.95,3091401,1000000013167869,2022-01-31T13:10:27,12773.25,13
,AMBUJACEM,INE079A01024,2022-01-31,NSE,EQ,EQ,sell,False,14,364.95,3091402,1000000013167869,2022-01-31T13:10:27,5109.3,13
,AMBUJACEM,INE079A01024,2022-01-31,NSE,EQ,EQ,sell,False,3,364.95,3091403,1000000013167869,2022-01-31T13:10:27,1094.85,13
,TATAMOTORS,INE155A01022,2022-01-31,NSE,EQ,EQ,buy,False,140,507.6,78924401,1300000016085472,2022-01-31T13:16:06,71064.0,13
,AXISBANK,INE238A01034,2022-01-31,NSE,EQ,EQ,sell,False,11,772.6,3290747,1000000011130105,2022-01-31T13:30:31,8498.6,13
,AXISBANK,INE238A01034,2022-01-31,NSE,EQ,EQ,sell,False,9,772.6,3290746,1000000011130105,2022-01-31T13:30:31,6953.400000000001,13
,AXISBANK,INE238A01034,2022-01-31,NSE,EQ,EQ,sell,False,11,772.6,3290745,1000000011130105,2022-01-31T13:30:31,8498.6,13
,AXISBANK,INE238A01034,2022-01-31,NSE,EQ,EQ,sell,False,9,772.6,3290744,1000000011130105,2022-01-31T13:30:31,6953.400000000001,13
,AXISBANK,INE238A01034,2022-01-31,NSE,EQ,EQ,sell,False,11,772.6,3290749,1000000011130105,2022-01-31T13:30:31,8498.6,13
,AXISBANK,INE238A01034,2022-01-31,NSE,EQ,EQ,sell,False,11,772.6,3290743,1000000011130105,2022-01-31T13:30:31,8498.6,13
,AXISBANK,INE238A01034,2022-01-31,NSE,EQ,EQ,sell,False,2,772.6,3290751,1000000011130105,2022-01-31T13:30:31,1545.2,13
,AXISBANK,INE238A01034,2022-01-31,NSE,EQ,EQ,sell,False,2,772.6,3290750,1000000011130105,2022-01-31T13:30:31,1545.2,13
,AXISBANK,INE238A01034,2022-01-31,NSE,EQ,EQ,sell,False,9,772.6,3290748,1000000011130105,2022-01-31T13:30:31,6953.400000000001,13
,AXISBANK,INE238A01034,2022-01-31,NSE,EQ,EQ,sell,False,1,772.5,3290755,1000000011130105,2022-01-31T13:30:31,772.5,13
,AXISBANK,INE238A01034,2022-01-31,NSE,EQ,EQ,sell,False,2,772.5,3290754,1000000011130105,2022-01-31T13:30:31,1545.0,13
,AXISBANK,INE238A01034,2022-01-31,NSE,EQ,EQ,sell,False,10,772.55,3290753,1000000011130105,2022-01-31T13:30:31,7725.5,13
,AXISBANK,INE238A01034,2022-01-31,NSE,EQ,EQ,sell,False,2,772.55,3290752,1000000011130105,2022-01-31T13:30:31,1545.1,13
,BERGEPAINT,INE463A01038,2022-01-31,NSE,EQ,EQ,sell,False,1,726.25,3412860,1000000015222826,2022-01-31T13:41:09,726.25,13
,BERGEPAINT,INE463A01038,2022-01-31,NSE,EQ,EQ,sell,False,38,726.25,3412859,1000000015222826,2022-01-31T13:41:09,27597.5,13
,BERGEPAINT,INE463A01038,2022-01-31,NSE,EQ,EQ,sell,False,61,726.25,3412861,1000000015222826,2022-01-31T13:41:09,44301.25,13
,TATAMOTORS,INE155A01022,2022-01-31,NSE,EQ,EQ,sell,False,140,511.45,79481415,1300000016129353,2022-01-31T14:01:02,71603.0,14
,BERGEPAINT,INE463A01038,2022-01-31,NSE,EQ,EQ,buy,False,2,724.5,3659227,1000000016340904,2022-01-31T14:03:59,1449.0,14
,BERGEPAINT,INE463A01038,2022-01-31,NSE,EQ,EQ,buy,False,3,724.55,3659228,1000000016340904,2022-01-31T14:03:59,2173.6499999999996,14
,BERGEPAINT,INE463A01038,2022-01-31,NSE,EQ,EQ,buy,False,49,724.55,3659229,1000000016340904,2022-01-31T14:03:59,35502.95,14
,BERGEPAINT,INE463A01038,2022-01-31,NSE,EQ,EQ,buy,False,12,724.55,3659230,1000000016340904,2022-01-31T14:03:59,8694.599999999999,14
,BERGEPAINT,INE463A01038,2022-01-31,NSE,EQ,EQ,buy,False,34,724.45,3659226,1000000016340904,2022-01-31T14:03:59,24631.300000000003,14
,ONGC,INE213A01029,2022-01-31,NSE,EQ,EQ,buy,False,167,173.7,54166734,1200000018756810,2022-01-31T14:10:13,29007.899999999998,14
,ONGC,INE213A01029,2022-01-31,NSE,EQ,EQ,buy,False,263,173.7,54167126,1200000018756810,2022-01-31T14:10:15,45683.1,14
,ONGC,INE213A01029,2022-01-31,NSE,EQ,EQ,sell,False,430,173.55,54179423,1200000018878828,2022-01-31T14:11:19,74626.5,14
,SBIN,INE062A01020,2022-01-31,NSE,EQ,EQ,buy,False,3,539.2,79653161,1300000019043059,2022-01-31T14:13:19,1617.6000000000001,14
,SBIN,INE062A01020,2022-01-31,NSE,EQ,EQ,buy,False,127,539.2,79653150,1300000019043059,2022-01-31T14:13:19,68478.40000000001,14
,SUNPHARMA,INE044A01036,2022-01-31,NSE,EQ,EQ,buy,False,85,836.5,79844233,1300000019759730,2022-01-31T14:29:09,71102.5,14
,SUNPHARMA,INE044A01036,2022-01-31,NSE,EQ,EQ,sell,False,23,835.35,79862868,1300000019830661,2022-01-31T14:30:31,19213.05,14
,SUNPHARMA,INE044A01036,2022-01-31,NSE,EQ,EQ,sell,False,30,835.55,79862866,1300000019830661,2022-01-31T14:30:31,25066.5,14
,SUNPHARMA,INE044A01036,2022-01-31,NSE,EQ,EQ,sell,False,32,835.35,79862867,1300000019830661,2022-01-31T14:30:31,26731.2,14
,SBIN,INE062A01020,2022-01-31,NSE,EQ,EQ,sell,False,130,540.05,79943333,1300000019072199,2022-01-31T14:36:32,70206.5,14
,TATAMOTORS,INE155A01022,2022-02-01,NSE,EQ,EQ,sell,False,114,501.0,75449900,1300000001415153,2022-02-01T09:21:04,57114.0,9
,TATAMOTORS,INE155A01022,2022-02-01,NSE,EQ,EQ,sell,False,20,501.0,75449901,1300000001415153,2022-02-01T09:21:04,10020.0,9
,TATAMOTORS,INE155A01022,2022-02-01,NSE,EQ,EQ,sell,False,11,501.0,75449902,1300000001415153,2022-02-01T09:21:04,5511.0,9
,TATAMOTORS,INE155A01022,2022-02-01,NSE,EQ,EQ,buy,False,12,503.0,75653052,1300000002110820,2022-02-01T09:27:06,6036.0,9
,TATAMOTORS,INE155A01022,2022-02-01,NSE,EQ,EQ,buy,False,5,503.0,75653056,1300000002110820,2022-02-01T09:27:06,2515.0,9
,TATAMOTORS,INE155A01022,2022-02-01,NSE,EQ,EQ,buy,False,3,503.0,75653055,1300000002110820,2022-02-01T09:27:06,1509.0,9
,TATAMOTORS,INE155A01022,2022-02-01,NSE,EQ,EQ,buy,False,25,503.0,75653054,1300000002110820,2022-02-01T09:27:06,12575.0,9
,TATAMOTORS,INE155A01022,2022-02-01,NSE,EQ,EQ,buy,False,100,503.0,75653053,1300000002110820,2022-02-01T09:27:06,50300.0,9
,INDUSINDBK,INE095A01012,2022-02-01,NSE,EQ,EQ,buy,False,23,893.9,25602817,1100000002207047,2022-02-01T09:30:23,20559.7,9
,INDUSINDBK,INE095A01012,2022-02-01,NSE,EQ,EQ,buy,False,67,893.9,25602816,1100000002207047,2022-02-01T09:30:23,59891.299999999996,9
,RBLBANK,INE976G01028,2022-02-01,NSE,EQ,EQ,buy,False,500,151.8,75824642,1300000002859896,2022-02-01T09:33:45,75900.0,9
,BANDHANBNK,INE545U01014,2022-02-01,NSE,EQ,EQ,buy,False,21,320.6,597504,1000000002570273,2022-02-01T09:37:39,6732.6,9
,BANDHANBNK,INE545U01014,2022-02-01,NSE,EQ,EQ,buy,False,188,320.6,597980,1000000002570273,2022-02-01T09:37:41,60272.8,9
,RBLBANK,INE976G01028,2022-02-01,NSE,EQ,EQ,sell,False,10,150.95,76253143,1300000002924147,2022-02-01T09:53:24,1509.5,9
,RBLBANK,INE976G01028,2022-02-01,NSE,EQ,EQ,sell,False,246,150.95,76253144,1300000002924147,2022-02-01T09:53:24,37133.7,9
,RBLBANK,INE976G01028,2022-02-01,NSE,EQ,EQ,sell,False,244,150.95,76253142,1300000002924147,2022-02-01T09:53:24,36831.799999999996,9
,SBIN,INE062A01020,2022-02-01,NSE,EQ,EQ,buy,False,123,540.7,76358368,1300000004928551,2022-02-01T09:59:14,66506.1,9
,SBIN,INE062A01020,2022-02-01,NSE,EQ,EQ,buy,False,5,540.7,76358356,1300000004928551,2022-02-01T09:59:14,2703.5,9
,SBIN,INE062A01020,2022-02-01,NSE,EQ,EQ,buy,False,5,540.7,76358510,1300000004928551,2022-02-01T09:59:15,2703.5,9
,SBIN,INE062A01020,2022-02-01,NSE,EQ,EQ,buy,False,5,540.7,76358819,1300000004928551,2022-02-01T09:59:16,2703.5,9
,SBIN,INE062A01020,2022-02-01,NSE,EQ,EQ,buy,False,12,540.7,76358816,1300000004928551,2022-02-01T09:59:16,6488.400000000001,9
,BANDHANBNK,INE545U01014,2022-02-01,NSE,EQ,EQ,sell,False,209,319.5,939139,1000000003655389,2022-02-01T10:01:10,66775.5,10
,HINDALCO,INE038A01020,2022-02-01,NSE,EQ,EQ,buy,False,160,497.0,26251439,1100000004815074,2022-02-01T10:06:24,79520.0,10
,HINDALCO,INE038A01020,2022-02-01,NSE,EQ,EQ,sell,False,35,501.0,26404667,1100000005110133,2022-02-01T10:15:41,17535.0,10
,HINDALCO,INE038A01020,2022-02-01,NSE,EQ,EQ,sell,False,125,501.0,26404664,1100000005110133,2022-02-01T10:15:41,62625.0,10
,INDUSINDBK,INE095A01012,2022-02-01,NSE,EQ,EQ,sell,False,90,900.0,26573688,1100000002461567,2022-02-01T10:27:17,81000.0,10
,SBIN,INE062A01020,2022-02-01,NSE,EQ,EQ,sell,False,150,539.5,76993222,1300000004961693,2022-02-01T10:35:22,80925.0,10
,JSWSTEEL,INE019A01038,2022-02-01,NSE,EQ,EQ,buy,False,144,642.45,54303435,1200000022067080,2022-02-01T13:48:46,92512.8,13
,JSWSTEEL,INE019A01038,2022-02-01,NSE,EQ,EQ,buy,False,15,642.4,54303434,1200000022067080,2022-02-01T13:48:46,9636.0,13
,JSWSTEEL,INE019A01038,2022-02-01,NSE,EQ,EQ,buy,False,41,642.35,54303433,1200000022067080,2022-02-01T13:48:46,26336.350000000002,13
,JSWSTEEL,INE019A01038,2022-02-01,NSE,EQ,EQ,sell,False,200,645.0,54439235,1200000022098074,2022-02-01T14:00:01,129000.0,14
,ITC,INE154A01025,2022-02-01,NSE,EQ,EQ,sell,False,173,226.85,30137521,1100000022289589,2022-02-01T14:02:09,39245.049999999996,14
,ITC,INE154A01025,2022-02-01,NSE,EQ,EQ,sell,False,76,226.85,30137520,1100000022289589,2022-02-01T14:02:09,17240.6,14
,ITC,INE154A01025,2022-02-01,NSE,EQ,EQ,sell,False,351,226.85,30137519,1100000022289589,2022-02-01T14:02:09,79624.34999999999,14
,ITC,INE154A01025,2022-02-01,NSE,EQ,EQ,buy,False,457,227.4,30204378,1100000022343517,2022-02-01T14:06:38,103921.8,14
,ITC,INE154A01025,2022-02-01,NSE,EQ,EQ,buy,False,143,227.4,30204377,1100000022343517,2022-02-01T14:06:38,32518.2,14
,IOC,INE242A01010,2022-02-01,NSE,EQ,EQ,buy,False,200,121.35,30247356,1100000022743464,2022-02-01T14:09:38,24270.0,14
,IOC,INE242A01010,2022-02-01,NSE,EQ,EQ,buy,False,200,121.35,30247355,1100000022743464,2022-02-01T14:09:38,24270.0,14
,IOC,INE242A01010,2022-02-01,NSE,EQ,EQ,buy,False,1,121.35,30247354,1100000022743464,2022-02-01T14:09:38,121.35,14
,IOC,INE242A01010,2022-02-01,NSE,EQ,EQ,buy,False,12,121.35,30247353,1100000022743464,2022-02-01T14:09:38,1456.1999999999998,14
,IOC,INE242A01010,2022-02-01,NSE,EQ,EQ,buy,False,200,121.35,30247352,1100000022743464,2022-02-01T14:09:38,24270.0,14
,IOC,INE242A01010,2022-02-01,NSE,EQ,EQ,buy,False,100,121.35,30247351,1100000022743464,2022-02-01T14:09:38,12135.0,14
,IOC,INE242A01010,2022-02-01,NSE,EQ,EQ,buy,False,79,121.35,30247350,1100000022743464,2022-02-01T14:09:38,9586.65,14
,IOC,INE242A01010,2022-02-01,NSE,EQ,EQ,buy,False,1,121.35,30247358,1100000022743464,2022-02-01T14:09:38,121.35,14
,IOC,INE242A01010,2022-02-01,NSE,EQ,EQ,buy,False,50,121.35,30247357,1100000022743464,2022-02-01T14:09:38,6067.5,14
,IOC,INE242A01010,2022-02-01,NSE,EQ,EQ,buy,False,81,121.35,30247361,1100000022743464,2022-02-01T14:09:38,9829.35,14
,IOC,INE242A01010,2022-02-01,NSE,EQ,EQ,buy,False,1,121.35,30247360,1100000022743464,2022-02-01T14:09:38,121.35,14
,IOC,INE242A01010,2022-02-01,NSE,EQ,EQ,buy,False,75,121.35,30247359,1100000022743464,2022-02-01T14:09:38,9101.25,14
,WIPRO,INE075A01022,2022-02-01,NSE,EQ,EQ,sell,False,250,579.9,80950384,1300000026127830,2022-02-01T14:26:00,144975.0,14
,WIPRO,INE075A01022,2022-02-01,NSE,EQ,EQ,buy,False,250,577.0,81320733,1300000026215436,2022-02-01T14:49:07,144250.0,14
,IOC,INE242A01010,2022-02-01,NSE,EQ,EQ,sell,False,1000,121.75,30909265,1100000022846776,2022-02-01T14:49:59,121750.0,14
,SUNPHARMA,INE044A01036,2022-02-02,NSE,EQ,EQ,sell,False,1,886.1,75139974,1300000000537846,2022-02-02T09:15:59,886.1,9
,SUNPHARMA,INE044A01036,2022-02-02,NSE,EQ,EQ,sell,False,117,886.0,75139976,1300000000537846,2022-02-02T09:15:59,103662.0,9
,SUNPHARMA,INE044A01036,2022-02-02,NSE,EQ,EQ,sell,False,50,886.05,75139975,1300000000537846,2022-02-02T09:15:59,44302.5,9
,SUNPHARMA,INE044A01036,2022-02-02,NSE,EQ,EQ,sell,False,1,886.15,75139973,1300000000537846,2022-02-02T09:15:59,886.15,9
,SUNPHARMA,INE044A01036,2022-02-02,NSE,EQ,EQ,sell,False,1,886.15,75139972,1300000000537846,2022-02-02T09:15:59,886.15,9
,INDUSINDBK,INE095A01012,2022-02-02,NSE,EQ,EQ,buy,False,60,933.8,25247311,1100000000819508,2022-02-02T09:18:26,56028.0,9
,INDUSINDBK,INE095A01012,2022-02-02,NSE,EQ,EQ,buy,False,100,933.75,25247310,1100000000819508,2022-02-02T09:18:26,93375.0,9
,SUNPHARMA,INE044A01036,2022-02-02,NSE,EQ,EQ,buy,False,170,894.5,76175248,1300000004045188,2022-02-02T09:49:06,152065.0,9
,INDUSINDBK,INE095A01012,2022-02-02,NSE,EQ,EQ,sell,False,160,953.5,26595742,1100000005581079,2022-02-02T10:11:32,152560.0,10
,WIPRO,INE075A01022,2022-02-02,NSE,EQ,EQ,buy,False,260,585.95,77252644,1300000008763293,2022-02-02T10:51:20,152347.0,10
,MARICO,INE196A01026,2022-02-02,NSE,EQ,EQ,buy,False,280,504.45,51847015,1200000008539139,2022-02-02T10:57:37,141246.0,10
,MARICO,INE196A01026,2022-02-02,NSE,EQ,EQ,sell,False,12,503.6,51950706,1200000009035487,2022-02-02T11:07:02,6043.200000000001,11
,MARICO,INE196A01026,2022-02-02,NSE,EQ,EQ,sell,False,22,503.6,51950708,1200000009035487,2022-02-02T11:07:02,11079.2,11
,MARICO,INE196A01026,2022-02-02,NSE,EQ,EQ,sell,False,5,503.8,51950702,1200000009035487,2022-02-02T11:07:02,2519.0,11
,MARICO,INE196A01026,2022-02-02,NSE,EQ,EQ,sell,False,163,503.6,51950705,1200000009035487,2022-02-02T11:07:02,82086.8,11
,MARICO,INE196A01026,2022-02-02,NSE,EQ,EQ,sell,False,4,503.6,51950707,1200000009035487,2022-02-02T11:07:02,2014.4,11
,MARICO,INE196A01026,2022-02-02,NSE,EQ,EQ,sell,False,73,503.65,51950703,1200000009035487,2022-02-02T11:07:02,36766.45,11
,MARICO,INE196A01026,2022-02-02,NSE,EQ,EQ,sell,False,1,503.6,51950704,1200000009035487,2022-02-02T11:07:02,503.6,11
,DABUR,INE016A01026,2022-02-02,NSE,EQ,EQ,buy,False,74,554.9,27804596,1100000010254658,2022-02-02T11:36:01,41062.6,11
,DABUR,INE016A01026,2022-02-02,NSE,EQ,EQ,buy,False,60,554.9,27804597,1100000010254658,2022-02-02T11:36:01,33294.0,11
,DABUR,INE016A01026,2022-02-02,NSE,EQ,EQ,buy,False,40,554.95,27804599,1100000010254658,2022-02-02T11:36:01,22198.0,11
,DABUR,INE016A01026,2022-02-02,NSE,EQ,EQ,buy,False,96,554.95,27804598,1100000010254658,2022-02-02T11:36:01,53275.200000000004,11
,DABUR,INE016A01026,2022-02-02,NSE,EQ,EQ,sell,False,9,554.0,27843077,1100000010270134,2022-02-02T11:38:56,4986.0,11
,DABUR,INE016A01026,2022-02-02,NSE,EQ,EQ,sell,False,10,554.0,27843076,1100000010270134,2022-02-02T11:38:56,5540.0,11
,DABUR,INE016A01026,2022-02-02,NSE,EQ,EQ,sell,False,9,554.0,27843078,1100000010270134,2022-02-02T11:38:56,4986.0,11
,DABUR,INE016A01026,2022-02-02,NSE,EQ,EQ,sell,False,33,553.95,27843079,1100000010270134,2022-02-02T11:38:56,18280.350000000002,11
,DABUR,INE016A01026,2022-02-02,NSE,EQ,EQ,sell,False,3,553.9,27843080,1100000010270134,2022-02-02T11:38:56,1661.6999999999998,11
,DABUR,INE016A01026,2022-02-02,NSE,EQ,EQ,sell,False,160,553.9,27843081,1100000010270134,2022-02-02T11:38:56,88624.0,11
,DABUR,INE016A01026,2022-02-02,NSE,EQ,EQ,sell,False,36,553.9,27843082,1100000010270134,2022-02-02T11:38:56,19940.399999999998,11
,DABUR,INE016A01026,2022-02-02,NSE,EQ,EQ,sell,False,10,553.85,27843083,1100000010270134,2022-02-02T11:38:56,5538.5,11
,WIPRO,INE075A01022,2022-02-02,NSE,EQ,EQ,sell,False,260,587.1,78093562,1300000012192087,2022-02-02T12:03:45,152646.0,12
,DLF,INE271C01023,2022-02-02,NSE,EQ,EQ,sell,False,250,399.35,29473790,1100000016563092,2022-02-02T13:58:16,99837.5,13
,DLF,INE271C01023,2022-02-02,NSE,EQ,EQ,sell,False,50,399.35,29473789,1100000016563092,2022-02-02T13:58:16,19967.5,13
,HAVELLS,INE176B01034,2022-02-02,NSE,EQ,EQ,buy,False,23,1210.35,29561194,1100000016894590,2022-02-02T14:05:37,27838.05,14
,HAVELLS,INE176B01034,2022-02-02,NSE,EQ,EQ,buy,False,5,1210.35,29561839,1100000016894590,2022-02-02T14:05:40,6051.75,14
,HAVELLS,INE176B01034,2022-02-02,NSE,EQ,EQ,buy,False,92,1210.35,29562299,1100000016894590,2022-02-02T14:05:43,111352.2,14
,HAVELLS,INE176B01034,2022-02-02,NSE,EQ,EQ,sell,False,119,1209.1,29569021,1100000016933152,2022-02-02T14:06:14,143882.9,14
,HAVELLS,INE176B01034,2022-02-02,NSE,EQ,EQ,sell,False,1,1209.1,29569020,1100000016933152,2022-02-02T14:06:14,1209.1,14
,DLF,INE271C01023,2022-02-02,NSE,EQ,EQ,buy,False,80,399.4,29705359,1100000016594638,2022-02-02T14:14:44,31952.0,14
,DLF,INE271C01023,2022-02-02,NSE,EQ,EQ,buy,False,18,399.4,29705358,1100000016594638,2022-02-02T14:14:44,7189.2,14
,DLF,INE271C01023,2022-02-02,NSE,EQ,EQ,buy,False,100,399.4,29705357,1100000016594638,2022-02-02T14:14:44,39940.0,14
,DLF,INE271C01023,2022-02-02,NSE,EQ,EQ,buy,False,102,399.4,29705356,1100000016594638,2022-02-02T14:14:44,40738.799999999996,14
,M&M,INE101A01026,2022-02-02,NSE,EQ,EQ,buy,False,99,870.1,54245798,1200000019789006,2022-02-02T14:38:30,86139.90000000001,14
,M&M,INE101A01026,2022-02-02,NSE,EQ,EQ,buy,False,24,870.15,54245803,1200000019789006,2022-02-02T14:38:30,20883.6,14
,M&M,INE101A01026,2022-02-02,NSE,EQ,EQ,buy,False,10,870.15,54245802,1200000019789006,2022-02-02T14:38:30,8701.5,14
,M&M,INE101A01026,2022-02-02,NSE,EQ,EQ,buy,False,22,870.15,54245801,1200000019789006,2022-02-02T14:38:30,19143.3,14
,M&M,INE101A01026,2022-02-02,NSE,EQ,EQ,buy,False,5,870.15,54245800,1200000019789006,2022-02-02T14:38:30,4350.75,14
,M&M,INE101A01026,2022-02-02,NSE,EQ,EQ,buy,False,10,870.1,54245799,1200000019789006,2022-02-02T14:38:30,8701.0,14
,M&M,INE101A01026,2022-02-02,NSE,EQ,EQ,sell,False,8,869.0,54285603,1200000019810795,2022-02-02T14:41:34,6952.0,14
,M&M,INE101A01026,2022-02-02,NSE,EQ,EQ,sell,False,25,869.0,54285601,1200000019810795,2022-02-02T14:41:34,21725.0,14
,M&M,INE101A01026,2022-02-02,NSE,EQ,EQ,sell,False,25,869.0,54285600,1200000019810795,2022-02-02T14:41:34,21725.0,14
,M&M,INE101A01026,2022-02-02,NSE,EQ,EQ,sell,False,12,869.0,54285599,1200000019810795,2022-02-02T14:41:34,10428.0,14
,M&M,INE101A01026,2022-02-02,NSE,EQ,EQ,sell,False,100,869.0,54285602,1200000019810795,2022-02-02T14:41:34,86900.0,14
,INDUSINDBK,INE095A01012,2022-02-03,NSE,EQ,EQ,sell,False,1,966.1,25277299,1100000000943786,2022-02-03T09:19:17,966.1,9
,INDUSINDBK,INE095A01012,2022-02-03,NSE,EQ,EQ,sell,False,10,966.1,25277297,1100000000943786,2022-02-03T09:19:17,9661.0,9
,INDUSINDBK,INE095A01012,2022-02-03,NSE,EQ,EQ,sell,False,5,966.1,25277298,1100000000943786,2022-02-03T09:19:17,4830.5,9
,INDUSINDBK,INE095A01012,2022-02-03,NSE,EQ,EQ,sell,False,52,966.05,25277302,1100000000943786,2022-02-03T09:19:17,50234.6,9
,INDUSINDBK,INE095A01012,2022-02-03,NSE,EQ,EQ,sell,False,10,966.1,25277301,1100000000943786,2022-02-03T09:19:17,9661.0,9
,INDUSINDBK,INE095A01012,2022-02-03,NSE,EQ,EQ,sell,False,10,966.1,25277300,1100000000943786,2022-02-03T09:19:17,9661.0,9
,INDUSINDBK,INE095A01012,2022-02-03,NSE,EQ,EQ,sell,False,72,966.15,25277296,1100000000943786,2022-02-03T09:19:17,69562.8,9
,INDUSINDBK,INE095A01012,2022-02-03,NSE,EQ,EQ,buy,False,99,968.15,25325923,1100000001086680,2022-02-03T09:20:21,95846.84999999999,9
,INDUSINDBK,INE095A01012,2022-02-03,NSE,EQ,EQ,buy,False,60,968.15,25325924,1100000001086680,2022-02-03T09:20:21,58089.0,9
,INDUSINDBK,INE095A01012,2022-02-03,NSE,EQ,EQ,buy,False,1,968.45,25325925,1100000001086680,2022-02-03T09:20:21,968.45,9
,TATAMOTORS,INE155A01022,2022-02-03,NSE,EQ,EQ,buy,False,190,513.65,75534324,1300000001843332,2022-02-03T09:24:31,97593.5,9
,TATAMOTORS,INE155A01022,2022-02-03,NSE,EQ,EQ,buy,False,100,513.65,75534325,1300000001843332,2022-02-03T09:24:31,51365.0,9
,TATAMOTORS,INE155A01022,2022-02-03,NSE,EQ,EQ,sell,False,279,512.5,75565087,1300000001900704,2022-02-03T09:25:22,142987.5,9
,TATAMOTORS,INE155A01022,2022-02-03,NSE,EQ,EQ,sell,False,1,512.5,75565088,1300000001900704,2022-02-03T09:25:22,512.5,9
,TATAMOTORS,INE155A01022,2022-02-03,NSE,EQ,EQ,sell,False,10,512.5,75565089,1300000001900704,2022-02-03T09:25:22,5125.0,9
,BPCL,INE029A01011,2022-02-03,NSE,EQ,EQ,sell,False,90,381.2,598160,1000000002358139,2022-02-03T09:35:03,34308.0,9
,BPCL,INE029A01011,2022-02-03,NSE,EQ,EQ,sell,False,100,381.2,598159,1000000002358139,2022-02-03T09:35:03,38120.0,9
,JINDALSTEL,INE749A01030,2022-02-03,NSE,EQ,EQ,sell,False,119,418.35,51061998,1200000004358687,2022-02-03T09:50:25,49783.65,9
,JINDALSTEL,INE749A01030,2022-02-03,NSE,EQ,EQ,sell,False,48,418.35,51061997,1200000004358687,2022-02-03T09:50:25,20080.800000000003,9
,JINDALSTEL,INE749A01030,2022-02-03,NSE,EQ,EQ,sell,False,73,418.35,51061999,1200000004358687,2022-02-03T09:50:25,30539.550000000003,9
,JINDALSTEL,INE749A01030,2022-02-03,NSE,EQ,EQ,buy,False,2,419.15,51154423,1200000004716616,2022-02-03T09:55:29,838.3,9
,JINDALSTEL,INE749A01030,2022-02-03,NSE,EQ,EQ,buy,False,238,419.15,51154424,1200000004716616,2022-02-03T09:55:29,99757.7,9
,BPCL,INE029A01011,2022-02-03,NSE,EQ,EQ,buy,False,136,380.4,1033563,1000000003204662,2022-02-03T10:01:47,51734.399999999994,10
,BPCL,INE029A01011,2022-02-03,NSE,EQ,EQ,buy,False,24,380.4,1033565,1000000003204662,2022-02-03T10:01:47,9129.599999999999,10
,BPCL,INE029A01011,2022-02-03,NSE,EQ,EQ,buy,False,10,380.4,1033564,1000000003204662,2022-02-03T10:01:47,3804.0,10
,BPCL,INE029A01011,2022-02-03,NSE,EQ,EQ,buy,False,10,380.35,1033562,1000000003204662,2022-02-03T10:01:47,3803.5,10
,BPCL,INE029A01011,2022-02-03,NSE,EQ,EQ,buy,False,10,380.3,1033561,1000000003204662,2022-02-03T10:01:47,3803.0,10
,BANKBARODA,INE028A01039,2022-02-04,NSE,EQ,EQ,buy,False,500,111.1,387729,1000000001562829,2022-02-04T09:25:44,55550.0,9
,SAIL,INE114A01011,2022-02-04,NSE,EQ,EQ,buy,False,500,105.65,75632872,1300000002396892,2022-02-04T09:28:24,52825.0,9
,CHOLAFIN,INE121A01024,2022-02-04,NSE,EQ,EQ,buy,False,4,655.95,480191,1000000002015313,2022-02-04T09:30:03,2623.8,9
,CHOLAFIN,INE121A01024,2022-02-04,NSE,EQ,EQ,buy,False,1,655.95,480192,1000000002015313,2022-02-04T09:30:03,655.95,9
,CHOLAFIN,INE121A01024,2022-02-04,NSE,EQ,EQ,buy,False,10,655.95,480193,1000000002015313,2022-02-04T09:30:03,6559.5,9
,CHOLAFIN,INE121A01024,2022-02-04,NSE,EQ,EQ,buy,False,1,655.95,480194,1000000002015313,2022-02-04T09:30:03,655.95,9
,CHOLAFIN,INE121A01024,2022-02-04,NSE,EQ,EQ,buy,False,4,655.95,480195,1000000002015313,2022-02-04T09:30:03,2623.8,9
,CHOLAFIN,INE121A01024,2022-02-04,NSE,EQ,EQ,buy,False,1,655.95,480196,1000000002015313,2022-02-04T09:30:03,655.95,9
,CHOLAFIN,INE121A01024,2022-02-04,NSE,EQ,EQ,buy,False,10,655.95,480197,1000000002015313,2022-02-04T09:30:03,6559.5,9
,CHOLAFIN,INE121A01024,2022-02-04,NSE,EQ,EQ,buy,False,1,655.95,480198,1000000002015313,2022-02-04T09:30:03,655.95,9
,CHOLAFIN,INE121A01024,2022-02-04,NSE,EQ,EQ,buy,False,4,655.95,480199,1000000002015313,2022-02-04T09:30:03,2623.8,9
,CHOLAFIN,INE121A01024,2022-02-04,NSE,EQ,EQ,buy,False,1,655.95,480200,1000000002015313,2022-02-04T09:30:03,655.95,9
,CHOLAFIN,INE121A01024,2022-02-04,NSE,EQ,EQ,buy,False,10,655.95,480201,1000000002015313,2022-02-04T09:30:03,6559.5,9
,CHOLAFIN,INE121A01024,2022-02-04,NSE,EQ,EQ,buy,False,1,655.95,480202,1000000002015313,2022-02-04T09:30:03,655.95,9
,CHOLAFIN,INE121A01024,2022-02-04,NSE,EQ,EQ,buy,False,4,655.95,480203,1000000002015313,2022-02-04T09:30:03,2623.8,9
,CHOLAFIN,INE121A01024,2022-02-04,NSE,EQ,EQ,buy,False,10,655.95,480204,1000000002015313,2022-02-04T09:30:03,6559.5,9
,CHOLAFIN,INE121A01024,2022-02-04,NSE,EQ,EQ,buy,False,1,655.95,480205,1000000002015313,2022-02-04T09:30:03,655.95,9
,CHOLAFIN,INE121A01024,2022-02-04,NSE,EQ,EQ,buy,False,3,655.95,480206,1000000002015313,2022-02-04T09:30:03,1967.8500000000001,9
,CHOLAFIN,INE121A01024,2022-02-04,NSE,EQ,EQ,buy,False,1,655.95,480208,1000000002015313,2022-02-04T09:30:03,655.95,9
,CHOLAFIN,INE121A01024,2022-02-04,NSE,EQ,EQ,buy,False,1,655.95,480209,1000000002015313,2022-02-04T09:30:03,655.95,9
,CHOLAFIN,INE121A01024,2022-02-04,NSE,EQ,EQ,buy,False,7,656.0,480210,1000000002015313,2022-02-04T09:30:03,4592.0,9
,CHOLAFIN,INE121A01024,2022-02-04,NSE,EQ,EQ,buy,False,10,655.95,480207,1000000002015313,2022-02-04T09:30:03,6559.5,9
,CHOLAFIN,INE121A01024,2022-02-04,NSE,EQ,EQ,buy,False,4,655.95,480180,1000000002015313,2022-02-04T09:30:03,2623.8,9
,CHOLAFIN,INE121A01024,2022-02-04,NSE,EQ,EQ,buy,False,1,655.95,480181,1000000002015313,2022-02-04T09:30:03,655.95,9
,CHOLAFIN,INE121A01024,2022-02-04,NSE,EQ,EQ,buy,False,1,655.95,480182,1000000002015313,2022-02-04T09:30:03,655.95,9
,CHOLAFIN,INE121A01024,2022-02-04,NSE,EQ,EQ,buy,False,10,655.95,480183,1000000002015313,2022-02-04T09:30:03,6559.5,9
,CHOLAFIN,INE121A01024,2022-02-04,NSE,EQ,EQ,buy,False,1,655.95,480184,1000000002015313,2022-02-04T09:30:03,655.95,9
,CHOLAFIN,INE121A01024,2022-02-04,NSE,EQ,EQ,buy,False,1,655.95,480185,1000000002015313,2022-02-04T09:30:03,655.95,9
,CHOLAFIN,INE121A01024,2022-02-04,NSE,EQ,EQ,buy,False,4,655.95,480186,1000000002015313,2022-02-04T09:30:03,2623.8,9
,CHOLAFIN,INE121A01024,2022-02-04,NSE,EQ,EQ,buy,False,1,655.95,480187,1000000002015313,2022-02-04T09:30:03,655.95,9
,CHOLAFIN,INE121A01024,2022-02-04,NSE,EQ,EQ,buy,False,10,655.95,480188,1000000002015313,2022-02-04T09:30:03,6559.5,9
,CHOLAFIN,INE121A01024,2022-02-04,NSE,EQ,EQ,buy,False,1,655.95,480189,1000000002015313,2022-02-04T09:30:03,655.95,9
,CHOLAFIN,INE121A01024,2022-02-04,NSE,EQ,EQ,buy,False,1,655.95,480190,1000000002015313,2022-02-04T09:30:03,655.95,9
,BANKBARODA,INE028A01039,2022-02-04,NSE,EQ,EQ,sell,False,500,110.85,579578,1000000001607333,2022-02-04T09:35:31,55425.0,9
,CHOLAFIN,INE121A01024,2022-02-04,NSE,EQ,EQ,sell,False,1,648.1,728102,1000000003316492,2022-02-04T09:45:45,648.1,9
,CHOLAFIN,INE121A01024,2022-02-04,NSE,EQ,EQ,sell,False,68,648.05,728105,1000000003316492,2022-02-04T09:45:45,44067.399999999994,9
,CHOLAFIN,INE121A01024,2022-02-04,NSE,EQ,EQ,sell,False,3,648.1,728104,1000000003316492,2022-02-04T09:45:45,1944.3000000000002,9
